2634 3902
548 117 765 182 „16-

149 277 288 343 formata
310 274 399 340 vocis
418 274 639 361 ἀνδρόγυνος,
661 275 748 339 facta
769 278 907 358 utputo
931 295 993 358 ope
1012 275 1166 341 vocabuli

148 367 329 449 ἄνθρωπος
346 363 398 428 vel
416 368 580 448 antropos,
599 367 636 428 ut
650 362 804 428 scribitur
817 363 852 428 in
865 361 1032 449 glossariis
1044 362 1165 430 latinis.

148 452 260 517 Talem
274 455 383 519 autem
400 450 614 539 longioreml)
633 451 783 518 existimo
798 451 896 517 fuisse
911 450 1054 536 titulum,
1068 474 1167 536 quem

150 540 330 606 Guilelmus
356 541 568 625 inexemplo
595 540 733 626 invenit,
760 541 801 605 ab
829 539 1010 606 hexametri
1033 540 1166 627 legibus

149 630 390 714 abhorrentem,
429 633 467 694 ut
506 629 540 696 in
576 629 722 716 lingrram
757 629 893 694 latinam
929 651 1003 694 eum
1038 634 1164 695 vertere

149 717 1164 895 dlibiiieriiire’exlbiiibiurdtreddrerbllddbbddnsiismlldideal’eiddliiffi

149 918 224 982 pag.
243 893 382 981 530sq).
414 895 453 960 V.
475 898 515 960 13

216 986 359 1050 ‘venerat
381 983 415 1049 in
438 984 584 1070 linguam
605 1005 711 1067 nuper
732 983 904 1070 peregrina
926 983 1061 1050 latinam

260 1073 340 1138 haec
363 1073 401 1136 de
425 1071 593 1140 Menandri
615 1072 727 1137 fabula
749 1077 844 1157 rapta
868 1073 954 1138 sinu:

228 1160 303 1226 vilis
327 1165 359 1226 et
382 1160 458 1226 exul
480 1166 549 1226 erat
572 1165 605 1226 et
627 1161 747 1227 rustica
770 1161 878 1245 plebis
900 1161 935 1226 in
958 1183 1026 1246 ore,

262 1271 344 1334 quac
367 1251 472 1316 ficerat
495 1249 596 1316 comis
617 1249 701 1315 vatis
723 1249 759 1315 in
782 1272 836 1315 ore
860 1250 921 1315 sui'
945 1272 1010 1335 eqs

151 1337 340 1423 Tabulam,
373 1361 438 1404 non
476 1339 674 1405 comoediam
706 1344 804 1423 poeta
840 1339 1041 1423 exemplum,
1078 1338 1164 1424 quod

148 1427 279 1511 fnuper’
301 1427 425 1494 incerto
449 1432 596 1512 tempore
619 1428 654 1493 in
680 1427 827 1514 linguam
849 1428 985 1492 latinam
1008 1451 1025 1493 e
1049 1449 1164 1514 graeca

149 1521 294 1600 venerat,
322 1517 481 1602 appellat,
508 1517 561 1582 cui
588 1540 616 1582 v.
638 1519 678 1582 17
706 1538 772 1581 non
796 1517 918 1602 obstat,
946 1515 1164 1582 siHarleiani

149 1605 322 1670 lectionem
354 1610 475 1672 rectam
506 1603 697 1688 respicimus
730 1604 881 1690 ‘dumque
911 1605 988 1670 novi
1021 1605 1164 1672 studium

150 1693 296 1761 comoedi
319 1696 486 1777 quaereret
509 1693 578 1777 illa,
603 1694 719 1778 quem',
742 1715 816 1758 cum
835 1693 934 1759 ceteri
952 1693 1031 1758 libri
1049 1700 1083 1759 et
1101 1693 1164 1758 edi·

150 1781 256 1848 tiones
284 1781 462 1865 praebeant
490 1781 643 1866 ‘dumque
674 1803 795 1847 novum
827 1783 972 1848 studium
1000 1782 1165 1848 comoedia

151 1874 319 1955 quaereret
342 1869 411 1956 illa,
435 1871 552 1955 quem’.
591 1869 717 1948 Quibus
740 1871 848 1936 verbis
876 1871 917 1935 ad
940 1893 1081 1936 errorem
1102 1870 1164 1936 viri

151 1958 238 2024 docti
257 1958 505 2025 deducebantur.
543 1958 681 2025 Omnino
703 1959 789 2024 enim
806 1960 982 2025 Menandro
1002 1960 1165 2045 adscripta

151 2051 220 2113 erat
242 2070 309 2114 non
332 2048 510 2132 comoedia,
533 2048 589 2114 sed
607 2048 719 2114 fabula
736 2049 756 2112 i.
776 2070 802 2113 e.
824 2048 967 2114 narratio
987 2048 1108 2117 comica
1131 2052 1164 2112 et

149 2137 286 2220 ludicra,
309 2159 406 2220 prosa
429 2137 573 2202 oratione
597 2137 791 2222 composita,
813 2142 851 2202 ut
874 2137 1014 2203 indicare
1037 2137 1165 2202 videtur

149 2249 178 2290 v.
200 2227 241 2292 15
265 2225 351 2289 ‘vilis
374 2230 407 2290 ct
430 2226 505 2290 exul
528 2230 597 2290 erat
621 2230 653 2290 et
676 2225 797 2290 rustica
819 2225 928 2309 plebis
950 2225 984 2290 in
1008 2225 1074 2290 ore’
1098 2248 1163 2309 eqs.

149 2313 194 2378 nt
222 2336 262 2378 ex
284 2311 336 2378 his
358 2314 467 2378 verbis
490 2317 522 2378 et
545 2335 585 2377 ex
609 2313 674 2378 illis
698 2314 748 2377 ‘de
770 2313 939 2379 Menandri
961 2319 1056 2398 rapta
1079 2314 1164 2379 sinu’

150 2405 237 2467 certo
279 2401 480 2466 concluditur
515 2401 659 2466 fabulam
695 2425 762 2468 non
792 2401 857 2467 iam
896 2402 1067 2487 pristinam
1102 2402 1165 2468 for-

150 2558 224 2612 illud
248 2559 343 2612 autem
365 2562 555 2613 monstrosum
578 2559 625 2613 ‘de
644 2559 879 2629 antropynaculo’
904 2575 939 2615 ne
959 2560 995 2615 ab
1013 2558 1163 2629 Amplonio

150 2629 248 2684 fictum
266 2631 411 2698 putemus,
430 2628 522 2684 forma
539 2629 617 2686 vocis
636 2633 769 2701 corrupta
788 2632 817 2685 et
834 2645 968 2700 perversa
986 2633 1075 2688 vetat.

222 2703 249 2769 1)
268 2699 313 2755 Ad
333 2700 615 2770 ‘androgynaculum’
636 2718 735 2757 vocem
753 2700 858 2756 rectius
878 2701 1084 2757 aestimandam
1103 2700 1165 2771 apti

151 2774 216 2827 sunt
243 2771 311 2840 loci,
340 2771 410 2840 qnos
439 2788 549 2826 mecum
576 2771 795 2828 communicavit
823 2773 964 2828 Gustavus
990 2772 1164 2841 Nordmeyer

151 2842 258 2897 amicus
273 2859 364 2911 meus,
383 2842 537 2913 Augustini
551 2843 586 2898 do
601 2842 718 2898 civitate
733 2843 780 2898 dei
793 2841 865 2912 XVI,
881 2848 897 2897 8
918 2844 994 2898 ‘nam
1007 2860 1090 2900 nemo
1104 2861 1165 2899 um-

151 2929 236 2980 quam
258 2911 373 2968 Andro
403 2929 551 2982 ynaecas
578 2916 628 2968 aut
650 2913 901 2984 Hermaphroditus
924 2914 1110 2986 nuncuparit'
1134 2915 1165 2969 ot

150 2982 299 3038 Ratramni
318 2983 354 3037 ad
399 2984 551 3039 imbertum
570 2985 604 3039 de
624 2984 836 3055 cynoscepholis
872 2983 937 3040 vide
955 2986 1057 3056 patrol.
1076 2985 1164 3054 Mign.

152 3070 204 3109 ser.
218 3054 252 3108 Π.
271 3055 339 3110 tom.
361 3060 422 3125 121,
441 3053 493 3110 col.
515 3060 582 3110 1155
602 3057 632 3111 et
650 3055 827 3126 Hilgenfeldi
847 3056 855 3084 ‘
880 3056 1022 3112 eitschrift
1039 3057 1084 3112 fur
1101 3055 1165 3110 wis-

150 3125 314 3194 senschattl.
334 3125 502 3196 Theologie'
523 3126 620 3196 XXIV,
638 3132 714 3195 1881,
734 3129 860 3199 paguo)
881 3128 990 3183 ‘contra
1008 3127 1101 3198 legem
1115 3144 1164 3182 na·

150 3198 230 3250 turae
244 3195 377 3251 videntur
390 3197 540 3267 procreari,
561 3199 593 3252 ut
605 3197 748 3268 bicipites,
767 3197 891 3268 trimani,
906 3198 1084 3269 pumiliones,
1103 3199 1165 3254 her·

149 3267 347 3336 maphroditac
376 3269 434 3323 sivo
463 3268 696 3339 androgynae,
724 3270 770 3325 vel
795 3269 854 3324 alia
875 3270 1030 3340 perplura'.
1064 3269 1166 3326 Confer

149 3339 299 3408 praeterea
316 3338 439 3408 glossam
460 3339 717 3411 ‘Androgineca
739 3339 958 3396 hormafroditus
977 3340 1031 3395 hoc
1050 3343 1095 3396 est
1112 3355 1165 3394 uec

150 3408 264 3534 {iprum
281 3408 405 3481 mulier’,
425 3427 498 3482 quae
517 3413 595 3468 extat
612 3411 643 3468 in
666 3429 741 3482 corp.
760 3412 878 3483 glossar.
900 3411 953 3483 (ed.
975 3410 1074 3483 Goetz)
1094 3413 1164 3468 tom.

191 3497 282 3552 ,pag
301 3487 362 3538 405.
1162 3515 1166 3524 ·
