<?xml version="1.0" encoding="UTF-8"?>
<!DOCTYPE html PUBLIC "-//W3C//DTD XHTML 1.0 Transitional//EN"
    "http://www.w3.org/TR/xhtml1/DTD/xhtml1-transitional.dtd">
<html xmlns="http://www.w3.org/1999/xhtml" xml:lang="en" lang="en">
 <head>
  <title>
</title>
<meta http-equiv="Content-Type" content="text/html;charset=utf-8" />
  <meta name='ocr-system' content='tesseract 3.04.00' />
  <meta name='ocr-capabilities' content='ocr_page ocr_carea ocr_par ocr_line ocrx_word'/>
</head>
<body>
  <div class='ocr_page' id='page_1' title='image "./guilelmiblesens00lohmgoog/guilelmiblesens00lohmgoog_0076.png"; bbox 0 0 2634 3902; ppageno 0'>
   <div class='ocr_carea' id='block_1_1' title="bbox 576 183 798 246">
    <p class='ocr_par' dir='ltr' id='par_1_1' title="bbox 576 183 798 246">
     <span class='ocr_line' id='line_1_1' title="bbox 576 183 798 246; baseline 0 -18"><span class='ocrx_word' id='word_1_1' title='bbox 576 183 798 246; x_wconf 70' lang='grc'>..67-</span> 
     </span>
    </p>
   </div>
   <div class='ocr_carea' id='block_1_2' title="bbox 172 340 1241 2087">
    <p class='ocr_par' dir='ltr' id='par_1_2' title="bbox 172 340 1241 2087">
     <span class='ocr_line' id='line_1_2' title="bbox 178 340 1032 425; baseline 0 -19"><span class='ocrx_word' id='word_1_2' title='bbox 178 341 321 425; x_wconf 90' lang='lat' dir='ltr'><strong>undiquc</strong></span> <span class='ocrx_word' id='word_1_3' title='bbox 345 340 517 405; x_wconf 87' lang='lat' dir='ltr'><strong>continuus</strong></span> <span class='ocrx_word' id='word_1_4' title='bbox 539 340 646 424; x_wconf 89' lang='lat' dir='ltr'><strong>paries</strong></span> <span class='ocrx_word' id='word_1_5' title='bbox 670 340 826 425; x_wconf 84' lang='lat' dir='ltr'><strong>ascendit,</strong></span> <span class='ocrx_word' id='word_1_6' title='bbox 849 341 885 404; x_wconf 91' lang='lat' dir='ltr'><strong>in</strong></span> <span class='ocrx_word' id='word_1_7' title='bbox 907 341 1032 425; x_wconf 87' lang='lat' dir='ltr'><strong>amplos</strong></span> 
     </span>
     <span class='ocr_line' id='line_1_3' title="bbox 223 428 921 512; baseline 0 -18"><span class='ocrx_word' id='word_1_8' title='bbox 223 428 369 494; x_wconf 87' lang='lat' dir='ltr'><strong>extendit</strong></span> <span class='ocrx_word' id='word_1_9' title='bbox 392 433 537 493; x_wconf 88' lang='lat' dir='ltr'><strong>ventrem</strong></span> <span class='ocrx_word' id='word_1_10' title='bbox 560 433 673 512; x_wconf 86' lang='lat' dir='ltr'><strong>pastea</strong></span> <span class='ocrx_word' id='word_1_11' title='bbox 695 451 800 493; x_wconf 86' lang='lat' dir='ltr'><strong>massa</strong></span> <span class='ocrx_word' id='word_1_12' title='bbox 824 429 921 494; x_wconf 90' lang='lat' dir='ltr'><strong>sinus.</strong></span> 
     </span>
     <span class='ocr_line' id='line_1_4' title="bbox 178 517 895 601; baseline -0.003 -17"><span class='ocrx_word' id='word_1_13' title='bbox 178 518 307 584; x_wconf 90' lang='lat' dir='ltr'><strong>sedulus</strong></span> <span class='ocrx_word' id='word_1_14' title='bbox 330 517 459 582; x_wconf 75' lang='lat' dir='ltr'><strong>insudat</strong></span> <span class='ocrx_word' id='word_1_15' title='bbox 483 517 574 601; x_wconf 85' lang='lat' dir='ltr'><strong>operi</strong></span> <span class='ocrx_word' id='word_1_16' title='bbox 596 517 745 601; x_wconf 81' lang='lat' dir='ltr'><strong>vasisque</strong></span> <span class='ocrx_word' id='word_1_17' title='bbox 769 517 895 601; x_wconf 86' lang='lat' dir='ltr'><strong>capacis</strong></span> 
     </span>
     <span class='ocr_line' id='line_1_5' title="bbox 221 604 853 692; baseline -0.002 -22"><span class='ocrx_word' id='word_1_18' title='bbox 221 607 324 671; x_wconf 90' lang='lat' dir='ltr'><strong>instar</strong></span> <span class='ocrx_word' id='word_1_19' title='bbox 346 607 501 671; x_wconf 90' lang='lat' dir='ltr'><strong>formarat</strong></span> <span class='ocrx_word' id='word_1_20' title='bbox 522 604 642 692; x_wconf 83' lang='lat' dir='ltr'><strong>figulus</strong></span> <span class='ocrx_word' id='word_1_21' title='bbox 666 605 720 669; x_wconf 92' lang='lat' dir='ltr'><strong>ille</strong></span> <span class='ocrx_word' id='word_1_22' title='bbox 742 628 853 671; x_wconf 88' lang='lat' dir='ltr'><strong>novus.</strong></span> 
     </span>
     <span class='ocr_line' id='line_1_6' title="bbox 178 694 964 779; baseline -0.001 -19"><span class='ocrx_word' id='word_1_23' title='bbox 178 695 316 760; x_wconf 74' lang='lat' dir='ltr'><strong>dissecat</strong></span> <span class='ocrx_word' id='word_1_24' title='bbox 339 695 374 759; x_wconf 95' lang='lat' dir='ltr'><strong>in</strong></span> <span class='ocrx_word' id='word_1_25' title='bbox 396 699 506 779; x_wconf 89' lang='lat' dir='ltr'><strong>partes</strong></span> <span class='ocrx_word' id='word_1_26' title='bbox 529 694 636 778; x_wconf 89' lang='lat' dir='ltr'><strong>pullos</strong></span> <span class='ocrx_word' id='word_1_27' title='bbox 660 695 827 778; x_wconf 88' lang='lat' dir='ltr'><strong>carnisque</strong></span> <span class='ocrx_word' id='word_1_28' title='bbox 851 695 964 759; x_wconf 83' lang='lat' dir='ltr'><strong>sufflas</strong></span> 
     </span>
     <span class='ocr_line' id='line_1_7' title="bbox 221 783 955 870; baseline 0 -24"><span class='ocrx_word' id='word_1_29' title='bbox 221 784 363 847; x_wconf 75' lang='lat' dir='ltr'><strong>mixtura</strong></span> <span class='ocrx_word' id='word_1_30' title='bbox 386 783 570 870; x_wconf 81' lang='lat' dir='ltr'><strong>impinguat</strong></span> <span class='ocrx_word' id='word_1_31' title='bbox 594 787 626 846; x_wconf 92' lang='lat' dir='ltr'><strong>et</strong></span> <span class='ocrx_word' id='word_1_32' title='bbox 650 783 742 866; x_wconf 87' lang='lat' dir='ltr'><strong>quasi</strong></span> <span class='ocrx_word' id='word_1_33' title='bbox 764 783 869 847; x_wconf 91' lang='lat' dir='ltr'><strong>nutrit</strong></span> <span class='ocrx_word' id='word_1_34' title='bbox 892 806 955 847; x_wconf 91' lang='lat' dir='ltr'><strong>eos.</strong></span> 
     </span>
     <span class='ocr_line' id='line_1_8' title="bbox 176 871 1008 958; baseline 0 -22"><span class='ocrx_word' id='word_1_35' title='bbox 176 872 327 937; x_wconf 91' lang='lat' dir='ltr'><strong>carnibus</strong></span> <span class='ocrx_word' id='word_1_36' title='bbox 350 871 413 936; x_wconf 90' lang='lat' dir='ltr'><strong>ista</strong></span> <span class='ocrx_word' id='word_1_37' title='bbox 436 893 538 955; x_wconf 80' lang='lat' dir='ltr'><strong>capax</strong></span> <span class='ocrx_word' id='word_1_38' title='bbox 561 871 717 954; x_wconf 87' lang='lat' dir='ltr'><strong>impletur</strong></span> <span class='ocrx_word' id='word_1_39' title='bbox 739 871 886 935; x_wconf 90' lang='lat' dir='ltr'><strong>machina</strong></span> <span class='ocrx_word' id='word_1_40' title='bbox 910 872 1008 958; x_wconf 85' lang='lat' dir='ltr'><strong>digno</strong></span> 
     </span>
     <span class='ocr_line' id='line_1_9' title="bbox 221 959 896 1045; baseline -0.001 -20"><span class='ocrx_word' id='word_1_41' title='bbox 221 960 344 1045; x_wconf 89' lang='lat' dir='ltr'><strong>ordine,</strong></span> <span class='ocrx_word' id='word_1_42' title='bbox 368 964 513 1025; x_wconf 86' lang='lat' dir='ltr'><strong>servatur</strong></span> <span class='ocrx_word' id='word_1_43' title='bbox 536 960 686 1024; x_wconf 90' lang='lat' dir='ltr'><strong>omnibus</strong></span> <span class='ocrx_word' id='word_1_44' title='bbox 710 959 788 1024; x_wconf 91' lang='lat' dir='ltr'><strong>ordo</strong></span> <span class='ocrx_word' id='word_1_45' title='bbox 812 982 896 1024; x_wconf 89' lang='lat' dir='ltr'><strong>suus.</strong></span> 
     </span>
     <span class='ocr_line' id='line_1_10' title="bbox 174 1048 1066 1134; baseline 0.001 -21"><span class='ocrx_word' id='word_1_46' title='bbox 174 1048 209 1113; x_wconf 95' lang='lat' dir='ltr'><strong>in</strong></span> <span class='ocrx_word' id='word_1_47' title='bbox 233 1053 321 1114; x_wconf 90' lang='lat' dir='ltr'><strong>strue</strong></span> <span class='ocrx_word' id='word_1_48' title='bbox 344 1049 450 1133; x_wconf 91' lang='lat' dir='ltr'><strong>prima</strong></span> <span class='ocrx_word' id='word_1_49' title='bbox 473 1049 569 1134; x_wconf 84' lang='lat' dir='ltr'><strong>piper</strong></span> <span class='ocrx_word' id='word_1_50' title='bbox 592 1049 646 1112; x_wconf 91' lang='lat' dir='ltr'><strong>dat</strong></span> <span class='ocrx_word' id='word_1_51' title='bbox 669 1049 891 1132; x_wconf 90' lang='lat' dir='ltr'><strong>fundamenta,</strong></span> <span class='ocrx_word' id='word_1_52' title='bbox 914 1054 1066 1114; x_wconf 85' lang='lat' dir='ltr'><strong>secuntur</strong></span> 
     </span>
     <span class='ocr_line' id='line_1_11' title="bbox 221 1137 932 1223; baseline 0 -21"><span class='ocrx_word' id='word_1_53' title='bbox 221 1159 345 1221; x_wconf 86' lang='lat' dir='ltr'><strong>cemes,</strong></span> <span class='ocrx_word' id='word_1_54' title='bbox 368 1137 422 1200; x_wconf 86' lang='lat' dir='ltr'><strong>ille</strong></span> <span class='ocrx_word' id='word_1_55' title='bbox 447 1159 536 1202; x_wconf 87' lang='lat' dir='ltr'><strong>sacre</strong></span> <span class='ocrx_word' id='word_1_56' title='bbox 560 1138 693 1222; x_wconf 82' lang='lat' dir='ltr'><strong>pulvere</strong></span> <span class='ocrx_word' id='word_1_57' title='bbox 717 1138 843 1223; x_wconf 87' lang='lat' dir='ltr'><strong>spargit</strong></span> <span class='ocrx_word' id='word_1_58' title='bbox 867 1160 932 1223; x_wconf 84' lang='lat' dir='ltr'><strong>eas3</strong></span> 
     </span>
     <span class='ocr_line' id='line_1_12' title="bbox 174 1226 1029 1312; baseline 0.001 -23"><span class='ocrx_word' id='word_1_59' title='bbox 174 1229 223 1290; x_wconf 92' lang='lat' dir='ltr'><strong>est</strong></span> <span class='ocrx_word' id='word_1_60' title='bbox 247 1247 481 1310; x_wconf 83' lang='lat' dir='ltr'><strong>superexpassa</strong></span> <span class='ocrx_word' id='word_1_61' title='bbox 503 1249 564 1310; x_wconf 91' lang='lat' dir='ltr'><strong>pro</strong></span> <span class='ocrx_word' id='word_1_62' title='bbox 587 1226 729 1312; x_wconf 89' lang='lat' dir='ltr'><strong>tegmine</strong></span> <span class='ocrx_word' id='word_1_63' title='bbox 753 1231 874 1309; x_wconf 85' lang='lat' dir='ltr'><strong>crusta,</strong></span> <span class='ocrx_word' id='word_1_64' title='bbox 897 1231 1029 1292; x_wconf 85' lang='lat' dir='ltr'><strong>coronet</strong></span> 
     </span>
     <span class='ocr_line' id='line_1_13' title="bbox 211 1314 930 1401; baseline 0.001 -23"><span class='ocrx_word' id='word_1_65' title='bbox 211 1319 326 1379; x_wconf 80' lang='lat' dir='ltr'><strong>&#39;crusta</strong></span> <span class='ocrx_word' id='word_1_66' title='bbox 349 1315 553 1398; x_wconf 88' lang='lat' dir='ltr'><strong>superficiem</strong></span> <span class='ocrx_word' id='word_1_67' title='bbox 575 1314 696 1379; x_wconf 85' lang='lat' dir='ltr'><strong>tortilis</strong></span> <span class='ocrx_word' id='word_1_68' title='bbox 719 1318 817 1398; x_wconf 90' lang='lat' dir='ltr'><strong>atque</strong></span> <span class='ocrx_word' id='word_1_69' title='bbox 840 1315 930 1401; x_wconf 84' lang='lat' dir='ltr'><strong>ligat.</strong></span> 
     </span>
     <span class='ocr_line' id='line_1_14' title="bbox 173 1401 943 1487; baseline 0 -20"><span class='ocrx_word' id='word_1_70' title='bbox 173 1401 310 1487; x_wconf 82' lang='lat' dir='ltr'><strong>Spurius</strong></span> <span class='ocrx_word' id='word_1_71' title='bbox 333 1403 478 1467; x_wconf 84' lang='lat' dir='ltr'><strong>abscedit</strong></span> <span class='ocrx_word' id='word_1_72' title='bbox 500 1403 626 1486; x_wconf 84' lang='lat' dir='ltr'><strong>Pyrrho</strong></span> <span class='ocrx_word' id='word_1_73' title='bbox 650 1403 800 1466; x_wconf 88' lang='lat' dir='ltr'><strong>mittente</strong></span> <span class='ocrx_word' id='word_1_74' title='bbox 824 1404 943 1467; x_wconf 85' lang='lat' dir='ltr'><strong>salutes</strong></span> 
     </span>
     <span class='ocr_line' id='line_1_15' title="bbox 217 1490 1241 1575; baseline -0.003 -20"><span class='ocrx_word' id='word_1_75' title='bbox 217 1490 320 1555; x_wconf 83' lang='lat' dir='ltr'><strong>Aidae</strong></span> <span class='ocrx_word' id='word_1_76' title='bbox 342 1513 409 1556; x_wconf 90' lang='lat' dir='ltr'><strong>non</strong></span> <span class='ocrx_word' id='word_1_77' title='bbox 431 1491 572 1556; x_wconf 85' lang='lat' dir='ltr'><strong>modicas</strong></span> <span class='ocrx_word' id='word_1_78' title='bbox 595 1492 843 1574; x_wconf 85' lang='lat' dir='ltr'><strong>innumerasque</strong></span> <span class='ocrx_word' id='word_1_79' title='bbox 866 1513 986 1575; x_wconf 88' lang='lat' dir='ltr'><strong>preces.</strong></span> <span class='ocrx_word' id='word_1_80' title='bbox 1201 1513 1241 1552; x_wconf 79' lang='lat' dir='ltr'><strong>sao</strong></span> 
     </span>
     <span class='ocr_line' id='line_1_16' title="bbox 174 1578 1014 1666; baseline -0.001 -22"><span class='ocrx_word' id='word_1_81' title='bbox 174 1578 311 1664; x_wconf 84' lang='lat' dir='ltr'><strong>Spurius</strong></span> <span class='ocrx_word' id='word_1_82' title='bbox 333 1580 413 1644; x_wconf 90' lang='lat' dir='ltr'><strong>haec</strong></span> <span class='ocrx_word' id='word_1_83' title='bbox 436 1600 556 1644; x_wconf 89' lang='lat' dir='ltr'><strong>secum:</strong></span> <span class='ocrx_word' id='word_1_84' title='bbox 581 1578 703 1664; x_wconf 78' lang='lat' dir='ltr'><strong>‘Spuri,</strong></span> <span class='ocrx_word' id='word_1_85' title='bbox 726 1579 863 1666; x_wconf 83' lang='lat' dir='ltr'><strong>genialis</strong></span> <span class='ocrx_word' id='word_1_86' title='bbox 886 1584 1014 1666; x_wconf 83' lang='lat' dir='ltr'><strong>agatur,</strong></span> 
     </span>
     <span class='ocr_line' id='line_1_17' title="bbox 219 1668 916 1753; baseline 0.001 -22"><span class='ocrx_word' id='word_1_87' title='bbox 219 1689 282 1753; x_wconf 90' lang='lat' dir='ltr'><strong>qua</strong></span> <span class='ocrx_word' id='word_1_88' title='bbox 304 1668 367 1732; x_wconf 91' lang='lat' dir='ltr'><strong>tibi</strong></span> <span class='ocrx_word' id='word_1_89' title='bbox 391 1690 448 1751; x_wconf 89' lang='lat' dir='ltr'><strong>spe</strong></span> <span class='ocrx_word' id='word_1_90' title='bbox 471 1669 586 1733; x_wconf 89' lang='lat' dir='ltr'><strong>melius</strong></span> <span class='ocrx_word' id='word_1_91' title='bbox 610 1668 726 1733; x_wconf 90' lang='lat' dir='ltr'><strong>accidit</strong></span> <span class='ocrx_word' id='word_1_92' title='bbox 748 1668 812 1734; x_wconf 88' lang='lat' dir='ltr'><strong>ista</strong></span> <span class='ocrx_word' id='word_1_93' title='bbox 836 1668 916 1733; x_wconf 87' lang='lat' dir='ltr'><strong>dies!</strong></span> 
     </span>
     <span class='ocr_line' id='line_1_18' title="bbox 172 1755 951 1843; baseline 0.001 -23"><span class='ocrx_word' id='word_1_94' title='bbox 172 1755 220 1820; x_wconf 92' lang='lat' dir='ltr'><strong>nil</strong></span> <span class='ocrx_word' id='word_1_95' title='bbox 243 1778 303 1842; x_wconf 88' lang='lat' dir='ltr'><strong>ego</strong></span> <span class='ocrx_word' id='word_1_96' title='bbox 327 1757 451 1842; x_wconf 80' lang='lat' dir='ltr'><strong>pastilli</strong></span> <span class='ocrx_word' id='word_1_97' title='bbox 473 1757 536 1822; x_wconf 89' lang='lat' dir='ltr'><strong>nisi</strong></span> <span class='ocrx_word' id='word_1_98' title='bbox 560 1757 701 1822; x_wconf 89' lang='lat' dir='ltr'><strong>crustula</strong></span> <span class='ocrx_word' id='word_1_99' title='bbox 724 1756 792 1822; x_wconf 88' lang='grc'><strong>3313</strong></span> <span class='ocrx_word' id='word_1_100' title='bbox 816 1757 951 1843; x_wconf 89' lang='lat' dir='ltr'><strong>comedi,</strong></span> 
     </span>
     <span class='ocr_line' id='line_1_19' title="bbox 217 1846 949 1929; baseline 0.001 -20"><span class='ocrx_word' id='word_1_101' title='bbox 217 1867 358 1929; x_wconf 90' lang='lat' dir='ltr'><strong>cenaquc</strong></span> <span class='ocrx_word' id='word_1_102' title='bbox 381 1846 533 1929; x_wconf 81' lang='lat' dir='ltr'><strong>pastillus</strong></span> <span class='ocrx_word' id='word_1_103' title='bbox 555 1860 640 1910; x_wconf 87' lang='lat' dir='ltr'><strong>nunc</strong></span> <span class='ocrx_word' id='word_1_104' title='bbox 663 1846 743 1910; x_wconf 92' lang='lat' dir='ltr'><strong>mihi</strong></span> <span class='ocrx_word' id='word_1_105' title='bbox 766 1850 856 1912; x_wconf 85' lang='lat' dir='ltr'><strong>totus</strong></span> <span class='ocrx_word' id='word_1_106' title='bbox 880 1847 949 1911; x_wconf 91' lang='lat' dir='ltr'><strong>erit.</strong></span> 
     </span>
     <span class='ocr_line' id='line_1_20' title="bbox 172 1932 1238 2019; baseline -0.005 -21"><span class='ocrx_word' id='word_1_107' title='bbox 172 1932 315 1999; x_wconf 87' lang='lat' dir='ltr'><strong>crustula</strong></span> <span class='ocrx_word' id='word_1_108' title='bbox 338 1939 413 1998; x_wconf 90' lang='lat' dir='ltr'><strong>sunt</strong></span> <span class='ocrx_word' id='word_1_109' title='bbox 437 1956 564 2019; x_wconf 88' lang='lat' dir='ltr'><strong>semper</strong></span> <span class='ocrx_word' id='word_1_110' title='bbox 586 1956 657 1998; x_wconf 91' lang='lat' dir='ltr'><strong>mea</strong></span> <span class='ocrx_word' id='word_1_111' title='bbox 680 1935 802 2018; x_wconf 82' lang='lat' dir='ltr'><strong>pcrti03</strong></span> <span class='ocrx_word' id='word_1_112' title='bbox 825 1935 903 1999; x_wconf 82' lang='lat' dir='ltr'><strong>cur?</strong></span> <span class='ocrx_word' id='word_1_113' title='bbox 927 1934 1003 2019; x_wconf 92' lang='lat' dir='ltr'><strong>quia</strong></span> <span class='ocrx_word' id='word_1_114' title='bbox 1024 1934 1126 1998; x_wconf 90' lang='lat' dir='ltr'><strong>nostri</strong></span> <span class='ocrx_word' id='word_1_115' title='bbox 1199 1955 1238 1994; x_wconf 77' lang='lat' dir='ltr'><strong>scs</strong></span> 
     </span>
     <span class='ocr_line' id='line_1_21' title="bbox 217 2022 885 2087; baseline 0.001 -2"><span class='ocrx_word' id='word_1_116' title='bbox 217 2022 368 2086; x_wconf 85' lang='lat' dir='ltr'><strong>dentibus</strong></span> <span class='ocrx_word' id='word_1_117' title='bbox 391 2023 517 2087; x_wconf 90' lang='lat' dir='ltr'><strong>emeriti</strong></span> <span class='ocrx_word' id='word_1_118' title='bbox 541 2026 616 2087; x_wconf 90' lang='lat' dir='ltr'><strong>sunt</strong></span> <span class='ocrx_word' id='word_1_119' title='bbox 638 2022 769 2086; x_wconf 92' lang='lat' dir='ltr'><strong>inimica</strong></span> <span class='ocrx_word' id='word_1_120' title='bbox 792 2022 885 2087; x_wconf 84' lang='lat' dir='ltr'><strong>senis.</strong></span> 
     </span>
    </p>
   </div>
   <div class='ocr_carea' id='block_1_3' title="bbox 242 2283 769 2354">
    <p class='ocr_par' dir='ltr' id='par_1_3' title="bbox 242 2283 769 2354">
     <span class='ocr_line' id='line_1_22' title="bbox 242 2283 769 2354; baseline -0.004 -15"><span class='ocrx_word' id='word_1_121' title='bbox 242 2290 294 2340; x_wconf 80' lang='grc'><strong>277</strong></span> <span class='ocrx_word' id='word_1_122' title='bbox 314 2287 343 2340; x_wconf 90' lang='lat' dir='ltr'><strong>et</strong></span> <span class='ocrx_word' id='word_1_123' title='bbox 362 2285 472 2354; x_wconf 89' lang='lat' dir='ltr'><strong>amplos</strong></span> <span class='ocrx_word' id='word_1_124' title='bbox 544 2290 596 2340; x_wconf 88' lang='grc'><strong>286</strong></span> <span class='ocrx_word' id='word_1_125' title='bbox 615 2283 704 2338; x_wconf 88' lang='lat' dir='ltr'><strong>vestit</strong></span> <span class='ocrx_word' id='word_1_126' title='bbox 722 2299 769 2338; x_wconf 90' lang='lat' dir='ltr'><strong>eas</strong></span> 
     </span>
    </p>
   </div>
   <div class='ocr_carea' id='block_1_4' title="bbox 168 2531 1183 2800">
    <p class='ocr_par' dir='ltr' id='par_1_4' title="bbox 168 2531 1183 2800">
     <span class='ocr_line' id='line_1_23' title="bbox 242 2531 1183 2602; baseline 0 -16"><span class='ocrx_word' id='word_1_127' title='bbox 242 2539 293 2587; x_wconf 76' lang='lat'><strong>27&#39;1</strong></span> <span class='ocrx_word' id='word_1_128' title='bbox 313 2531 463 2587; x_wconf 86' lang='lat' dir='ltr'><strong>continuus</strong></span> <span class='ocrx_word' id='word_1_129' title='bbox 486 2549 555 2589; x_wconf 83' lang='lat' dir='ltr'><strong>cerr.</strong></span> <span class='ocrx_word' id='word_1_130' title='bbox 575 2551 589 2589; x_wconf 89' lang='lat' dir='ltr'><strong>e</strong></span> <span class='ocrx_word' id='word_1_131' title='bbox 607 2533 748 2589; x_wconf 86' lang='lat' dir='ltr'><strong>continuis</strong></span> <span class='ocrx_word' id='word_1_132' title='bbox 768 2534 799 2588; x_wconf 89' lang='grc' dir='ltr'><em>Η</em></span> <span class='ocrx_word' id='word_1_133' title='bbox 823 2565 856 2573; x_wconf 91' lang='grc'>-</span> <span class='ocrx_word' id='word_1_134' title='bbox 880 2539 932 2587; x_wconf 82' lang='grc'><strong>278</strong></span> <span class='ocrx_word' id='word_1_135' title='bbox 950 2535 1051 2602; x_wconf 88' lang='lat' dir='ltr'><strong>pastea</strong></span> <span class='ocrx_word' id='word_1_136' title='bbox 1081 2533 1183 2602; x_wconf 87' lang='lat' dir='ltr'><strong>postea</strong></span> 
     </span>
     <span class='ocr_line' id='line_1_24' title="bbox 174 2603 1182 2679; baseline 0.001 -22"><span class='ocrx_word' id='word_1_137' title='bbox 174 2603 273 2659; x_wconf 81' lang='lat' dir='ltr'><strong>WrM</strong></span> <span class='ocrx_word' id='word_1_138' title='bbox 290 2634 321 2643; x_wconf 94' lang='lat'>-</span> <span class='ocrx_word' id='word_1_139' title='bbox 342 2609 392 2679; x_wconf 91' lang='grc'><strong>281</strong></span> <span class='ocrx_word' id='word_1_140' title='bbox 415 2603 550 2675; x_wconf 85' lang='lat' dir='ltr'><strong>dissecat]</strong></span> <span class='ocrx_word' id='word_1_141' title='bbox 566 2603 689 2658; x_wconf 79' lang='lat' dir='ltr'><strong>disserat</strong></span> <span class='ocrx_word' id='word_1_142' title='bbox 702 2605 736 2658; x_wconf 88' lang='lat' dir='ltr'><em>H</em></span> <span class='ocrx_word' id='word_1_143' title='bbox 752 2635 785 2645; x_wconf 93' lang='lat'><em>-</em></span> <span class='ocrx_word' id='word_1_144' title='bbox 805 2610 857 2659; x_wconf 85' lang='grc'><strong>286</strong></span> <span class='ocrx_word' id='word_1_145' title='bbox 873 2604 982 2674; x_wconf 85' lang='lat' dir='ltr'><strong>spargit</strong></span> <span class='ocrx_word' id='word_1_146' title='bbox 996 2621 1044 2658; x_wconf 87' lang='grc'><strong>333</strong></span> <span class='ocrx_word' id='word_1_147' title='bbox 1072 2603 1182 2674; x_wconf 79' lang='lat' dir='ltr'><strong>spargit</strong></span> 
     </span>
     <span class='ocr_line' id='line_1_25' title="bbox 168 2673 1181 2800; baseline 0.002 -72"><span class='ocrx_word' id='word_1_148' title='bbox 168 2689 216 2800; x_wconf 49' lang='grc' dir='ltr'><strong>(ἐξ</strong></span> <span class='ocrx_word' id='word_1_149' title='bbox 237 2675 275 2800; x_wconf 62' lang='lat' dir='ltr'><strong>id</strong></span> <span class='ocrx_word' id='word_1_150' title='bbox 292 2705 325 2715; x_wconf 97' lang='lat'><em>-</em></span> <span class='ocrx_word' id='word_1_151' title='bbox 346 2680 398 2729; x_wconf 90' lang='grc'><strong>289</strong></span> <span class='ocrx_word' id='word_1_152' title='bbox 418 2673 534 2744; x_wconf 82' lang='lat' dir='ltr'><strong>Spurius</strong></span> <span class='ocrx_word' id='word_1_153' title='bbox 554 2675 588 2744; x_wconf 85' lang='lat' dir='ltr'><strong>(S</strong></span> <span class='ocrx_word' id='word_1_154' title='bbox 605 2677 693 2732; x_wconf 82' lang='lat' dir='ltr'><strong>rubra</strong></span> <span class='ocrx_word' id='word_1_155' title='bbox 711 2681 736 2730; x_wconf 81' lang='lat' dir='ltr'><strong>et</strong></span> <span class='ocrx_word' id='word_1_156' title='bbox 753 2677 853 2743; x_wconf 78' lang='lat' dir='ltr'><strong>maier)</strong></span> <span class='ocrx_word' id='word_1_157' title='bbox 873 2677 938 2730; x_wconf 72' lang='lat' dir='ltr'><strong>b‘bri</strong></span> <span class='ocrx_word' id='word_1_158' title='bbox 963 2705 994 2716; x_wconf 91' lang='lat'>-</span> <span class='ocrx_word' id='word_1_159' title='bbox 1015 2680 1067 2730; x_wconf 76' lang='grc'><strong>293</strong></span> <span class='ocrx_word' id='word_1_160' title='bbox 1086 2681 1111 2730; x_wconf 79' lang='lat' dir='ltr'><strong>et</strong></span> <span class='ocrx_word' id='word_1_161' title='bbox 1129 2681 1181 2730; x_wconf 85' lang='grc'><strong>296</strong></span> 
     </span>
    </p>
   </div>
   <div class='ocr_carea' id='block_1_5' title="bbox 166 2973 1184 3613">
    <p class='ocr_par' dir='ltr' id='par_1_5' title="bbox 238 2973 1184 3049">
     <span class='ocr_line' id='line_1_26' title="bbox 238 2973 1184 3049; baseline 0.002 -21"><span class='ocrx_word' id='word_1_162' title='bbox 238 2980 290 3030; x_wconf 82' lang='grc'><strong>289</strong></span> <span class='ocrx_word' id='word_1_163' title='bbox 310 2974 453 3046; x_wconf 87' lang='lat' dir='ltr'><strong>carnibus]</strong></span> <span class='ocrx_word' id='word_1_164' title='bbox 474 2975 605 3030; x_wconf 89' lang='lat' dir='ltr'><strong>cornibus</strong></span> <span class='ocrx_word' id='word_1_165' title='bbox 623 2976 650 3031; x_wconf 87' lang='lat' dir='ltr'><strong><em>V</em></strong></span> <span class='ocrx_word' id='word_1_166' title='bbox 665 3007 698 3016; x_wconf 89' lang='lat'><strong>—</strong></span> <span class='ocrx_word' id='word_1_167' title='bbox 718 2982 771 3031; x_wconf 86' lang='grc'><strong>284</strong></span> <span class='ocrx_word' id='word_1_168' title='bbox 790 2975 858 3031; x_wconf 87' lang='lat' dir='ltr'><strong>crdo</strong></span> <span class='ocrx_word' id='word_1_169' title='bbox 877 2976 956 3049; x_wconf 85' lang='grc'><strong>3333]</strong></span> <span class='ocrx_word' id='word_1_170' title='bbox 976 2975 1044 3030; x_wconf 89' lang='lat' dir='ltr'><strong>ordo</strong></span> <span class='ocrx_word' id='word_1_171' title='bbox 1064 2973 1121 3029; x_wconf 89' lang='lat' dir='ltr'><strong>suis</strong></span> <span class='ocrx_word' id='word_1_172' title='bbox 1145 2976 1184 3030; x_wconf 91' lang='lat' dir='ltr'><em>W</em></span> 
     </span>
    </p>

    <p class='ocr_par' dir='ltr' id='par_1_6' title="bbox 167 3044 1178 3118">
     <span class='ocr_line' id='line_1_27' title="bbox 167 3044 1178 3118; baseline 0.002 -20"><span class='ocrx_word' id='word_1_173' title='bbox 167 3076 201 3086; x_wconf 93' lang='lat'>-</span> <span class='ocrx_word' id='word_1_174' title='bbox 221 3050 273 3100; x_wconf 79' lang='grc'><strong>285</strong></span> <span class='ocrx_word' id='word_1_175' title='bbox 291 3044 412 3115; x_wconf 83' lang='lat' dir='ltr'><strong>instrue,</strong></span> <span class='ocrx_word' id='word_1_176' title='bbox 431 3045 524 3115; x_wconf 87' lang='lat' dir='ltr'><strong>prima</strong></span> <span class='ocrx_word' id='word_1_177' title='bbox 541 3065 568 3116; x_wconf 90' lang='lat' dir='ltr'><strong>p.</strong></span> <span class='ocrx_word' id='word_1_178' title='bbox 588 3046 614 3102; x_wconf 93' lang='lat' dir='ltr'><strong>d.</strong></span> <span class='ocrx_word' id='word_1_179' title='bbox 634 3045 666 3114; x_wconf 85' lang='lat' dir='ltr'><strong>f.,</strong></span> <span class='ocrx_word' id='word_1_180' title='bbox 692 3049 846 3115; x_wconf 87' lang='lat' dir='ltr'><strong>sequuntur</strong></span> <span class='ocrx_word' id='word_1_181' title='bbox 869 3048 925 3102; x_wconf 80' lang='lat' dir='ltr'><strong>Wr</strong></span> <span class='ocrx_word' id='word_1_182' title='bbox 942 3079 977 3087; x_wconf 97' lang='lat'>-</span> <span class='ocrx_word' id='word_1_183' title='bbox 995 3054 1047 3102; x_wconf 84' lang='grc'><strong>286</strong></span> <span class='ocrx_word' id='word_1_184' title='bbox 1067 3049 1178 3118; x_wconf 88' lang='lat' dir='ltr'><strong>carnes]</strong></span> 
     </span>
    </p>

    <p class='ocr_par' dir='ltr' id='par_1_7' title="bbox 166 3117 1180 3241">
     <span class='ocr_line' id='line_1_28' title="bbox 166 3117 1180 3241; baseline 0.002 -72"><span class='ocrx_word' id='word_1_185' title='bbox 166 3118 297 3183; x_wconf 76' lang='lat' dir='ltr'><strong>secuntur</strong></span> <span class='ocrx_word' id='word_1_186' title='bbox 316 3133 414 3171; x_wconf 86' lang='lat' dir='ltr'><strong>carnes</strong></span> <span class='ocrx_word' id='word_1_187' title='bbox 439 3118 465 3170; x_wconf 89' lang='lat' dir='ltr'><strong><em>V</em></strong></span> <span class='ocrx_word' id='word_1_188' title='bbox 483 3149 517 3158; x_wconf 93' lang='lat'><em>-</em></span> <span class='ocrx_word' id='word_1_189' title='bbox 536 3117 597 3189; x_wconf 90' lang='grc'><strong>333]</strong></span> <span class='ocrx_word' id='word_1_190' title='bbox 617 3134 664 3172; x_wconf 79' lang='lat' dir='ltr'><strong>eos</strong></span> <span class='ocrx_word' id='word_1_191' title='bbox 684 3119 709 3172; x_wconf 90' lang='lat' dir='ltr'><strong><em>L</em></strong></span> <span class='ocrx_word' id='word_1_192' title='bbox 728 3149 761 3159; x_wconf 95' lang='lat'><em>-</em></span> <span class='ocrx_word' id='word_1_193' title='bbox 777 3124 827 3172; x_wconf 83' lang='grc'><strong>287</strong></span> <span class='ocrx_word' id='word_1_194' title='bbox 848 3119 903 3241; x_wconf 67' lang='lat' dir='ltr'><strong>est]</strong></span> <span class='ocrx_word' id='word_1_195' title='bbox 923 3120 952 3172; x_wconf 89' lang='lat' dir='ltr'><strong>et</strong></span> <span class='ocrx_word' id='word_1_196' title='bbox 976 3118 1015 3173; x_wconf 88' lang='lat' dir='ltr'><em>W</em></span> <span class='ocrx_word' id='word_1_197' title='bbox 1031 3134 1180 3187; x_wconf 88' lang='lat' dir='ltr'><strong>-super-</strong></span> 
     </span>
    </p>

    <p class='ocr_par' dir='ltr' id='par_1_8' title="bbox 166 3186 1179 3314">
     <span class='ocr_line' id='line_1_29' title="bbox 166 3186 1179 3292; baseline -0.001 -50"><span class='ocrx_word' id='word_1_198' title='bbox 166 3188 297 3258; x_wconf 89' lang='lat' dir='ltr'><strong>expassa]</strong></span> <span class='ocrx_word' id='word_1_199' title='bbox 318 3207 368 3259; x_wconf 82' lang='lat' dir='ltr'><strong>sup</strong></span> <span class='ocrx_word' id='word_1_200' title='bbox 388 3204 474 3264; x_wconf 84' lang='lat' dir='ltr'><strong>expsa</strong></span> <span class='ocrx_word' id='word_1_201' title='bbox 494 3189 567 3243; x_wconf 89' lang='lat' dir='ltr'><strong>VW</strong></span> <span class='ocrx_word' id='word_1_202' title='bbox 583 3207 634 3260; x_wconf 82' lang='lat' dir='ltr'><strong>sup</strong></span> <span class='ocrx_word' id='word_1_203' title='bbox 654 3205 778 3258; x_wconf 87' lang='lat' dir='ltr'><strong>expensa</strong></span> <span class='ocrx_word' id='word_1_204' title='bbox 791 3190 818 3243; x_wconf 94' lang='lat' dir='ltr'><strong><em>L</em></strong></span> <span class='ocrx_word' id='word_1_205' title='bbox 836 3220 870 3229; x_wconf 95' lang='lat'>-</span> <span class='ocrx_word' id='word_1_206' title='bbox 904 3188 1027 3261; x_wconf 79' lang='lat' dir='ltr'><strong>agmine]</strong></span> <span class='ocrx_word' id='word_1_207' title='bbox 1042 3186 1179 3292; x_wconf 67' lang='lat' dir='ltr'><strong>regiminp</strong></span> 
     </span>
     <span class='ocr_line' id='line_1_30' title="bbox 1035 3263 1154 3314; baseline 0.008 -1"><span class='ocrx_word' id='word_1_208' title='bbox 1035 3263 1100 3313; x_wconf 91' lang='lat' dir='ltr'><strong>tuus</strong></span> <span class='ocrx_word' id='word_1_209' title='bbox 1121 3277 1154 3314; x_wconf 88' lang='lat' dir='ltr'><strong>m.</strong></span> 
     </span>
    </p>

    <p class='ocr_par' dir='ltr' id='par_1_9' title="bbox 170 3262 1180 3402">
     <span class='ocr_line' id='line_1_31' title="bbox 170 3262 1180 3402; baseline 0 -19"><span class='ocrx_word' id='word_1_210' title='bbox 170 3329 227 3385; x_wconf 83' lang='lat' dir='ltr'><strong>Wr</strong></span> <span class='ocrx_word' id='word_1_211' title='bbox 241 3361 274 3372; x_wconf 88' lang='lat'>-</span> <span class='ocrx_word' id='word_1_212' title='bbox 290 3336 342 3386; x_wconf 91' lang='grc'><strong>289</strong></span> <span class='ocrx_word' id='word_1_213' title='bbox 358 3329 497 3402; x_wconf 89' lang='lat' dir='ltr'><strong>abscedit]</strong></span> <span class='ocrx_word' id='word_1_214' title='bbox 514 3329 628 3384; x_wconf 89' lang='lat' dir='ltr'><strong>abcedit</strong></span> <span class='ocrx_word' id='word_1_215' title='bbox 642 3330 669 3383; x_wconf 88' lang='lat' dir='ltr'><strong><em>L</em></strong></span> <span class='ocrx_word' id='word_1_216' title='bbox 682 3360 717 3371; x_wconf 97' lang='lat'><em>-</em></span> <span class='ocrx_word' id='word_1_217' title='bbox 732 3334 783 3384; x_wconf 92' lang='grc'><strong>291</strong></span> <span class='ocrx_word' id='word_1_218' title='bbox 798 3331 880 3402; x_wconf 85' lang='lat' dir='ltr'><strong>haec]</strong></span> <span class='ocrx_word' id='word_1_219' title='bbox 895 3331 949 3385; x_wconf 90' lang='lat' dir='ltr'><strong>hoc</strong></span> <span class='ocrx_word' id='word_1_220' title='bbox 963 3331 990 3384; x_wconf 96' lang='lat' dir='ltr'><strong><em>L</em></strong></span> <span class='ocrx_word' id='word_1_221' title='bbox 1005 3363 1036 3371; x_wconf 90' lang='lat'>-</span> <span class='ocrx_word' id='word_1_222' title='bbox 1052 3263 1154 3399; x_wconf 77' lang='lat' dir='ltr'><strong>agaiur</strong></span> <span class='ocrx_word' id='word_1_223' title='bbox 1169 3262 1180 3330; x_wconf 72' lang='lat'>)</span> 
     </span>
    </p>

    <p class='ocr_par' dir='ltr' id='par_1_10' title="bbox 170 3399 1177 3542">
     <span class='ocr_line' id='line_1_32' title="bbox 170 3399 1177 3472; baseline 0 -18"><span class='ocrx_word' id='word_1_224' title='bbox 170 3400 210 3454; x_wconf 95' lang='lat' dir='ltr'><em>W</em></span> <span class='ocrx_word' id='word_1_225' title='bbox 226 3432 258 3442; x_wconf 93' lang='lat'>—</span> <span class='ocrx_word' id='word_1_226' title='bbox 278 3407 329 3456; x_wconf 93' lang='grc'><strong>292</strong></span> <span class='ocrx_word' id='word_1_227' title='bbox 344 3399 459 3472; x_wconf 88' lang='lat' dir='ltr'><strong>melius]</strong></span> <span class='ocrx_word' id='word_1_228' title='bbox 474 3400 574 3455; x_wconf 88' lang='lat' dir='ltr'><strong>melior</strong></span> <span class='ocrx_word' id='word_1_229' title='bbox 593 3402 632 3456; x_wconf 95' lang='lat' dir='ltr'><em>W</em></span> <span class='ocrx_word' id='word_1_230' title='bbox 644 3432 678 3442; x_wconf 93' lang='lat'><strong>—</strong></span> <span class='ocrx_word' id='word_1_231' title='bbox 693 3399 753 3465; x_wconf 81' lang='lat' dir='ltr'><strong>Qua</strong></span> <span class='ocrx_word' id='word_1_232' title='bbox 767 3417 817 3471; x_wconf 90' lang='lat' dir='ltr'><strong>spe</strong></span> <span class='ocrx_word' id='word_1_233' title='bbox 836 3402 871 3454; x_wconf 92' lang='lat' dir='ltr'><strong>·i·</strong></span> <span class='ocrx_word' id='word_1_234' title='bbox 892 3401 970 3470; x_wconf 90' lang='lat' dir='ltr'><strong>quali</strong></span> <span class='ocrx_word' id='word_1_235' title='bbox 984 3419 1033 3471; x_wconf 89' lang='lat' dir='ltr'><strong>spe</strong></span> <span class='ocrx_word' id='word_1_236' title='bbox 1047 3404 1080 3456; x_wconf 81' lang='lat' dir='ltr'><strong>ia</strong></span> <span class='ocrx_word' id='word_1_237' title='bbox 1092 3419 1177 3471; x_wconf 72' lang='lat' dir='ltr'><strong>musy.</strong></span> 
     </span>
     <span class='ocr_line' id='line_1_33' title="bbox 879 3472 1138 3542; baseline 0 -16"><span class='ocrx_word' id='word_1_238' title='bbox 879 3475 905 3542; x_wconf 83' lang='lat'><strong>·]·</strong></span> <span class='ocrx_word' id='word_1_239' title='bbox 924 3473 1049 3526; x_wconf 86' lang='lat' dir='ltr'><strong>cnrstnla</strong></span> <span class='ocrx_word' id='word_1_240' title='bbox 1068 3472 1138 3541; x_wconf 51' lang='lat' dir='ltr'><strong>(aas)</strong></span> 
     </span>
    </p>

    <p class='ocr_par' dir='ltr' id='par_1_11' title="bbox 170 3541 1181 3613">
     <span class='ocr_line' id='line_1_34' title="bbox 170 3541 1181 3613; baseline 0 -17"><span class='ocrx_word' id='word_1_241' title='bbox 170 3542 209 3596; x_wconf 91' lang='lat' dir='ltr'><em>W</em></span> <span class='ocrx_word' id='word_1_242' title='bbox 225 3541 296 3613; x_wconf 85' lang='lat' dir='ltr'><strong>(m.¹)</strong></span> <span class='ocrx_word' id='word_1_243' title='bbox 317 3559 389 3611; x_wconf 86' lang='lat' dir='ltr'><strong>quae</strong></span> <span class='ocrx_word' id='word_1_244' title='bbox 406 3545 539 3612; x_wconf 69' lang='lat' dir='ltr'><strong>proponit</strong></span> <span class='ocrx_word' id='word_1_245' title='bbox 556 3543 738 3598; x_wconf 78' lang='lat' dir='ltr'><strong>Buechelerus</strong></span> <span class='ocrx_word' id='word_1_246' title='bbox 756 3573 789 3584; x_wconf 85' lang='lat'><em>—</em></span> <span class='ocrx_word' id='word_1_247' title='bbox 810 3549 861 3598; x_wconf 88' lang='grc'><strong>298</strong></span> <span class='ocrx_word' id='word_1_248' title='bbox 879 3542 996 3597; x_wconf 87' lang='lat' dir='ltr'><strong>inimica</strong></span> <span class='ocrx_word' id='word_1_249' title='bbox 1144 3541 1181 3596; x_wconf 91' lang='lat' dir='ltr'><em>W</em></span> 
     </span>
    </p>
   </div>
   <div class='ocr_carea' id='block_1_6' title="bbox 928 3631 964 3682">
    <p class='ocr_par' dir='ltr' id='par_1_12' title="bbox 928 3631 964 3682">
     <span class='ocr_line' id='line_1_35' title="bbox 928 3631 964 3682; baseline 0 -19"><span class='ocrx_word' id='word_1_250' title='bbox 928 3631 964 3682; x_wconf 75' lang='lat'><strong>5*</strong></span> 
     </span>
    </p>
   </div>
   <div class='ocr_carea' id='block_1_7' title="bbox 0 0 1322 3902">
    <p class='ocr_par' dir='ltr' id='par_1_13' title="bbox 0 0 1322 3902">
     <span class='ocr_line' id='line_1_36' title="bbox 0 0 1322 3902; baseline 0 4"><span class='ocrx_word' id='word_1_251' title='bbox 0 0 1322 3902; x_wconf 95' lang='lat' dir='ltr'><strong> </strong></span> 
     </span>
    </p>
   </div>
  </div>
 </body>
</html>
