2634 3902
563 175 782 238 „14-

165 355 272 420 guam,
286 305 412 397 effinxit
426 335 644 396 monstrosum
658 330 739 395 illud
749 333 1080 417 Παρθενοσανδρεια,
1095 334 1184 417 quod

167 421 411 506 compositionis
438 421 527 506 leges
555 419 685 484 omnino
713 419 847 503 respuit.
883 419 983 484 Recte
1007 419 1184 504 Pciperum
1304 466 1309 492 a

165 510 239 665 filil.
259 533 333 597 pag.
352 506 434 594 527)
456 508 519 573 hoc
547 508 748 592 improbasse
776 508 943 592 multoque
966 508 1082 574 melius
1105 532 1185 594 qua-

203 621 257 664 are
271 599 480 686 ἀνδρόγυνος
493 596 627 662 titulum
641 597 697 681 qui
710 596 878 661 Menandri
892 601 942 662 est
957 598 1106 682 concedo,
1125 599 1184 664 sed

166 709 247 772 quae
276 691 382 752 cetera
408 687 448 750 de
475 687 565 750 fonte
589 685 771 750 comoediae
798 684 853 749 ille
877 685 1039 770 explicare
1062 686 1183 773 studet,

164 776 262 841 nimis
290 776 441 842 audacter
468 774 553 839 diota
586 796 655 840 esse
686 773 767 839 mihi
794 773 952 840 videntur.
989 774 1183 847 Versionem

166 865 251 930 enim
269 865 405 930 latinam
423 886 441 928 e
456 885 571 950 graeco
585 862 753 927 Menandri
771 863 904 947 factam,
924 885 987 948 qua
1001 861 1183 930 Guilelmus

165 976 199 1019 se
223 976 317 1018 usum
340 975 409 1018 esse
428 953 601 1036 profitetur
618 950 672 1039 (cf.
691 975 719 1016 v.
741 948 808 1036 13),
830 951 967 1017 coniecit
985 952 1084 1017 fuisse
1104 951 1182 1018 Cae-

165 1043 232 1107 cilii
255 1041 351 1106 Statii
375 1041 573 1106 comoediam
596 1039 847 1126 ‘Androgynus'‚
875 1062 956 1124 quae
985 1062 1182 1126 quamquam

164 1130 261 1195 nobis
284 1153 351 1195 non
373 1134 458 1194 esset
485 1133 623 1211 servata,
651 1133 759 1193 tamen
783 1150 862 1193 saec.
881 1128 950 1194 ΧΠ.
973 1130 1101 1216 integra
1128 1152 1182 1195 ex-

165 1223 234 1284 tare
257 1218 425 1302 potuisset.
463 1215 525 1282 Sed
549 1215 679 1282 Caecilii
703 1239 799 1301 opus,
822 1218 860 1281 de
885 1240 949 1302 quo
968 1223 1097 1302 praeter
1116 1219 1182 1284 duo

165 1307 326 1393 fragmina
353 1305 569 1372 minutissima
596 1328 655 1390 per
680 1305 815 1372 Festum
841 1305 899 1394 (—
918 1306 1069 1373 Verrium
1090 1307 1181 1372 Flac—

166 1418 239 1461 cum
259 1435 300 1442 -
320 1392 513 1482 Varronem)
536 1394 656 1461 tradita
682 1394 766 1459 nihil
792 1399 954 1460 servatum
977 1400 1026 1461 est
1034 1394 1074 1482 ¹),
1101 1418 1181 1461 num

165 1485 206 1550 ad
225 1484 409 1570 exemplum
429 1484 610 1549 comoediae
624 1483 793 1549 Menandri
810 1484 1026 1568 compositum
1045 1485 1096 1568 sit,
1114 1507 1181 1550 non

165 1578 288 1639 certum
321 1578 378 1639 est.
413 1572 523 1657 Atque
555 1573 610 1637 vix
643 1572 751 1636 credat
780 1572 951 1657 quisquam
980 1573 1181 1639 comoediam

165 1663 262 1728 istam
280 1662 425 1746 potuisse
444 1661 563 1725 servari
577 1682 680 1745 usque
694 1660 734 1724 ad
748 1658 900 1725 Guilelmi
914 1665 1071 1746 tempora,
1089 1684 1182 1746 prae·

165 1751 279 1815 sertim
306 1770 379 1814 cum
405 1770 510 1832 neque
537 1749 572 1812 in
599 1749 758 1813 librorum
785 1749 942 1836 catalogis
964 1772 1069 1834 neque
1092 1751 1180 1835 apud

165 1838 340 1922 scriptores
362 1837 466 1901 ullum
487 1837 575 1902 illius
598 1837 780 1902 inveniatur
802 1835 1018 1924 vestigium).

254 1925 394 1992 Omnino
418 1930 527 1991 autem
549 1927 609 1992 hos
632 1925 864 1992 versificatores
885 1949 953 1992 non
976 1950 1073 2012 opera
1096 1950 1180 1994 scae·

163 2016 237 2082 nica
259 2015 387 2102 integra
405 2015 440 2079 in
463 2015 644 2081 comoedias
666 2015 828 2102 redegisse
851 2015 1022 2102 elegiacos,
1045 2016 1101 2082 sed
1124 2039 1181 2101 po-

164 2106 231 2171 tius
253 2105 454 2171 narrationes
472 2127 570 2188 prosa
588 2104 734 2169 oratione
757 2104 892 2169 traditas
910 2105 945 2168 in
967 2127 1062 2169 usum
1085 2127 1180 2170 suum

166 2195 339 2260 contulisse
363 2193 442 2258 satis
464 2197 579 2258 notum
602 2196 651 2258 est
669 2192 756 2281 (vide
775 2193 1003 2258 Muellenbach
1021 2217 1095 2280 pag.
1113 2193 1179 2279 17).

255 2281 343 2358 Quae
371 2303 445 2347 cum
467 2281 514 2346 ita
537 2281 615 2366 sint,
641 2282 742 2346 verba
765 2285 881 2365 poetae
908 2283 1088 2348 accuratius
1115 2283 1179 2366 ipsi

167 2371 367 2437 excutiamus
391 2390 474 2453 opus
496 2369 624 2434 videtur
647 2392 725 2434 esse.
771 2369 810 2434 V.
830 2371 934 2455 9sqq.

232 2457 391 2525 Versibus
417 2463 456 2522 ut
483 2457 601 2542 pulicis
628 2463 661 2523 et
688 2479 817 2523 muscae
840 2458 946 2545 iurgia
968 2459 1039 2544 risi,

278 2547 416 2613 occurrit
439 2550 551 2612 nostro
574 2546 715 2612 mascula
738 2547 830 2633 virgo
854 2547 943 2612 stilo:

236 2635 376 2701 nominis
395 2635 518 2720 accipio
542 2636 755 2719 pronomine
779 2635 1009 2722 significatum,

276 2748 343 2791 non
366 2725 459 2809 potui
481 2746 599 2792 nomen
622 2725 695 2811 lege
719 2725 848 2789 domare
872 2725 1000 2808 pedum.

165 2877 378 2889 *-

238 2971 266 3038 1)
284 2969 358 3023 Vide
367 2969 479 3024 Ottonis
488 2968 617 3024 Ribbeck
630 2968 777 3025 scaenicae
790 2970 981 3027 Romanorum
993 2970 1088 3041 poesis
1103 2972 1178 3042 frag·

165 3041 263 3094 menta
280 3040 328 3107 11²,
348 3039 517 3095 comicorum
534 3040 696 3110 fragmenta
713 3057 778 3111 pag.
799 3048 841 3097 37.

237 3112 265 3180 2)
284 3110 370 3166 Porro
393 3110 526 3193 Peiperus
550 3110 646 3165 omnia
669 3128 741 3180 quae
765 3112 800 3167 de
825 3112 903 3168 fonte
927 3129 978 3167 suo
1004 3113 1075 3168 dicit
1092 3115 1179 3184 poeta

166 3182 304 3251 quadrare
324 3181 361 3236 ad
375 3181 491 3237 ancrlii
505 3181 679 3238 comoediam
695 3182 888 3238 demonstrare
907 3183 1011 3253 studet,
1030 3201 1103 3255 quae
1123 3183 1178 3239 sin·

166 3252 305 3322 gularitcr
327 3255 452 3310 tractare
475 3253 645 3324 supersedeo
667 3253 713 3308 vel
735 3253 825 3323 ipsius
848 3255 942 3310 verbis
960 3257 1066 3310 motus:
1093 3254 1179 3310 ‘Aber

166 3340 224 3378 was
244 3324 321 3379 steht
339 3323 416 3379 einer
434 3324 549 3380 solchen
568 3323 722 3393 Annahme‚
741 3325 811 3379 fiber
832 3326 918 3381 deren
936 3325 1084 3381 Schicksal
1102 3324 1179 3381 iibri·

165 3411 248 3518 pene,
273 3395 315 3449 ala
339 3393 431 3450 rainer
453 3395 633 3465 Aberglaube
658 3395 813 3451 verworlen
835 3414 869 3450 zu
890 3395 1016 3464 werden,
1041 3397 1091 3452 der
1108 3396 1179 3451 Var-

178 3481 255 3522 aeser
274 3465 334 3520 sich
347 3484 419 3536 ganz
433 3466 491 3521 und
505 3483 557 3536 gar
569 3466 667 3522 lreiner
680 3466 849 3534 Tauachung
862 3466 892 3519 hi
932 3464 1001 3533 iebt,
1020 3469 1178 3538 entgegen?

165 3535 266 3592 Niohte
286 3536 384 3594 weiter
403 3536 445 3592 als
464 3537 515 3592 das
534 3537 748 3608 unbegrundete
767 3483 942 3592 uorurchii’
963 3551 1021 3606 eqs.
