2634 3902
550 109 769 172 „13-

154 291 216 354 quc
244 267 390 353 quaestio
419 266 534 351 oritur,
561 270 671 330 utrum
699 264 852 330 Guilelmi
874 265 1036 331 Blesensis
1064 289 1173 332 exem-

153 358 259 442 plum,
288 355 339 421 eui
361 355 528 421 Menandri
551 377 669 420 nomen
692 354 891 438 adscriptum
917 360 986 420 erat
1014 355 1173 440 cuiusque

153 446 270 510 titulus
298 467 371 510 cum
396 444 590 510 Menandreo
619 443 855 527 consentiebat,
882 465 956 508 vere
984 444 1024 507 ad
1052 449 1173 529 poetae

155 534 262 621 graeci
282 556 364 618 opus
389 533 531 598 revocari
555 533 659 616 possit
686 554 795 598 necne.
831 530 880 596 Ae
897 532 1065 618 negaverit
1084 534 1174 618 quis-

155 623 245 708 piam
267 623 353 688 inter
374 622 455 687 illud
478 622 663 705 exemplum
686 625 719 686 et
736 621 949 686 Menandrum
971 621 1173 688 intercedere

155 712 381 778 necessitatem
403 711 568 776 affirmans
585 710 754 776 Menandri
776 709 905 775 fabulas
924 710 988 774 iam
1007 710 1072 776 illis
1090 716 1173 776 tem·

155 800 291 885 poribus
315 821 447 884 prorsus
471 799 645 864 evanuisse.
683 798 745 864 Sed
768 798 892 883 dubito,
914 821 992 863 num
1015 803 1101 864 recte
1125 800 1173 864 af·

154 891 270 954 firmet.
306 888 420 972 Neque
448 889 534 953 enim
557 887 687 953 omnino
715 887 755 951 ad
778 886 908 973 prologi
930 909 1041 952 versus
1064 889 1171 972 requi·

155 979 239 1043 ritur
261 976 429 1042 Menandri
447 976 559 1042 fabula
578 979 743 1060 superstes
765 979 849 1059 tota,
873 976 952 1040 satis
971 980 1020 1040 est
1041 976 1171 1042 demon-

156 1071 275 1131 strasse
308 1065 454 1149 potuisse
487 1069 596 1130 extare
626 1065 768 1149 aliquam
797 1065 977 1148 ὑπόθεσιν,
1009 1065 1170 1150 notitiam,

156 1158 392 1240 argumentum,
411 1152 516 1241 (talia
530 1158 639 1219 autern
653 1157 844 1238 argumenta
861 1157 946 1218 certe
962 1153 1092 1239 quidem
1106 1158 1170 1218 tra-

156 1242 344 1329 goediarum
372 1242 470 1307 ctiam
496 1242 737 1328 deperditarum
764 1242 804 1305 ad
831 1241 1066 1326 intimansque
1090 1247 1170 1307 tem-

156 1353 237 1415 pora
268 1331 453 1415 pervenisse
485 1336 600 1397 notum
629 1336 692 1416 est,
722 1330 811 1395 velut
844 1331 882 1395 de
909 1331 1097 1415 Euripideis
1129 1332 1170 1396 ad

156 1420 288 1486 Tzetzas
303 1421 418 1486 delatis
433 1420 515 1486 dixit
524 1420 741 1487 Wilamowitz
755 1419 790 1484 in
804 1420 884 1484 anal.
894 1419 1018 1504 Eurip'
1028 1419 1172 1484 Bueche-

155 1507 266 1597 lcrus).
302 1509 351 1574 Ac
373 1532 414 1574 ne
438 1511 524 1593 quod
550 1510 674 1596 tragico
703 1508 867 1592 concedis,
895 1508 1017 1573 comico
1045 1508 1171 1573 abnuas

158 1602 282 1682 poetae,
296 1620 399 1680 pauca
413 1598 581 1662 Menandri
600 1601 714 1681 postea
731 1597 801 1660 noti
820 1597 1011 1662 documenta
1029 1598 1170 1662 afferam.

156 1686 249 1750 Illius
273 1685 372 1770 enim,
396 1683 496 1769 quem
515 1685 638 1770 posteri
662 1707 824 1750 summum
846 1684 1042 1751 comicorimr
1069 1686 1171 1750 fuisse

158 1773 376 1856 consentiunt,
404 1773 532 1838 fabulas
555 1774 722 1839 Plutarchi
749 1774 954 1858 temporibus
981 1775 1124 1839 nondum
1152 1797 1171 1838 e

158 1883 272 1926 scaena
304 1862 449 1927 exulasse
480 1861 652 1950 constat¹),
684 1861 863 1927 diutissime
896 1862 996 1928 fuisse
1028 1866 1193 1928 servatas.

157 1950 251 2016 facile
270 1950 452 2016 conieceris.
488 1949 597 2037 Atque
616 1974 650 2017 re
668 1973 744 2016 vera
762 1951 966 2038 sequentium
985 1956 1170 2036 temporum

158 2039 346 2124 scriptores,
374 2041 430 2125 qui
454 2062 471 2104 e
499 2041 687 2125 comoediis,
713 2061 787 2105 cum
813 2063 880 2104 non
906 2040 971 2104 iam
996 2041 1058 2105 hoc
1084 2041 1171 2105 litte·

158 2151 267 2194 rarum
295 2151 397 2215 genus
425 2129 580 2213 placeret,
608 2151 738 2194 scaenas
765 2129 902 2194 subtiles
929 2134 962 2193 et
985 2129 1170 2195 narratione

158 2217 273 2302 dignas
297 2223 466 2302 excerptas
489 2218 644 2301 operibus
666 2217 732 2283 suis
755 2239 852 2301 prosa
875 2217 1020 2282 oratione
1041 2240 1170 2302 compo-

158 2305 230 2370 sitis
248 2305 464 2388 inseruerunt,
486 2306 698 2370 Menandrum
715 2328 782 2370 non
800 2306 969 2372 recessisse
984 2329 1001 2371 e
1015 2307 1171 2372 memoria

158 2398 257 2458 testes
276 2391 392 2480 sunu).
429 2393 559 2458 Adicias
578 2394 664 2479 quod
682 2394 780 2458 etiam
798 2393 833 2459 in
846 2393 1001 2460 Arvernis
1020 2394 1171 2461 Sidonius

232 2550 258 2618 1)
278 2547 318 2604 Cf.
337 2551 497 2619 Augustum
515 2549 646 2605 Meinelre
671 2551 831 2606 ‘Menandri
854 2554 883 2606 et
899 2550 1073 2607 Philemonis
1093 2555 1170 2623 frag-

157 2620 265 2674 menta’
284 2635 350 2690 pag.
368 2621 481 2677 XXXII.

231 2693 259 2761 a)
278 2691 364 2746 Velut
377 2691 525 2760 Luciacus,
539 2692 672 2763 Alciphro
688 2695 717 2748 et
725 2693 921 2748 Aristaenetus
936 2692 1171 2764 epistolographi,

161 2761 295 2818 Aelianus
322 2763 465 2832 Libanius,
485 2763 632 2830 Eusebius,
649 2763 792 2818 Choricius
807 2764 844 2820 al.
859 2764 899 2820 of.
914 2765 1065 2836 praecipue
1079 2764 1171 2820 Theo-

161 2833 264 2888 dorum·
278 2807 358 2888 Mock
376 2834 406 2888 11
423 2835 544 2890 Hermae
562 2837 630 2890 tom.
649 2835 721 2905 XXI,
740 2853 805 2906 pag.
821 2841 963 2905 312111,
982 2834 1061 2892 cuius
1084 2837 1171 2891 verba

161 2905 386 2985 1111118191
407 2905 456 2959 ‘Es
474 2923 532 2959 war
550 2904 613 2959 eine
633 2905 785 2988 allgemein
802 2906 971 2962 verbreitete
985 2907 1106 2976 Uebung
1120 2907 1170 2961 des

161 2989 280 3042 ergeuen
298 2973 392 3042 Strles,
412 2974 458 3029 die
477 2974 640 3032 Schreibart
658 2993 734 3032 eures
753 2977 891 3047 gewissen
904 2977 1054 3034 Vorbildes
1071 2977 1102 3032 in
1121 2978 1171 3032 der

160 3043 256 3100 Weise
274 3045 497 3115 nachauahmen‚
517 3046 583 3101 dass
602 3063 668 3101 man
685 3047 765 3102 nicht
782 3048 844 3103 blos
859 3047 958 3119 eigana
973 3048 1127 3105 Godanken
1140 3048 1171 3101 11

161 3114 211 3169 der
232 3115 360 3170 fremden
383 3115 465 3171 Form
489 3123 590 3187 ausprh
627 3133 654 3186 e,
678 3118 799 3173 eondern
822 3119 895 3174 auch
917 3137 1006 3191 ganzo
1030 3118 1172 3174 Schriften

161 3186 229 3266 oder
247 3185 372 3242 einzelne
392 3187 499 3244 Stellen
522 3189 572 3244 dcr
614 3189 675 3244 lten
697 3189 878 3259 mannigFach
897 3191 1023 3259 variirte,
1042 3191 1172 3245 nament

160 3255 218 3310 1111
236 3257 381 3326 poetieche
400 3258 504 3314 Str'icke
522 3260 553 3314 11
571 3259 618 3314 111
636 3261 719 3315 Form
738 3261 788 3316 dcr
805 3261 883 3317 Rode
904 3262 973 3317 oder
995 3262 1044 3316 des
1062 3260 1171 3317 Briefes

160 3327 330 3384 umschrIeb’
346 3345 403 3397 eqs.
436 3330 508 3386 Vide
522 3333 670 3401 praeterea
682 3333 804 3386 eundem
820 3332 858 3392 11Ι
869 3349 939 3388 mus.
953 3332 1030 3388 rhen.
1045 3334 1112 3388 tom.
1127 3339 1171 3402 43,

160 3416 226 3469 pag.
242 3405 356 3482 29111.ι
375 3400 560 3471 Volckmann,
579 3401 679 3458 Studia
692 3402 882 3472 Alciphronea
895 3403 916 3458 I.
944 3402 986 3457 De
1000 3402 1171 3472 Alciphrone

161 3469 325 3526 comoediae
347 3470 503 3541 imitatore,
527 3471 658 3529 Carolum
677 3472 771 3528 Graux
792 3473 822 3527 in
843 3473 997 3527 ‘Annuaire
1021 3473 1171 3529 (1111111-
