2634 3902
436 150 438 154 ,
564 157 871 285 -3 έ,

217 382 317 444 parva
335 359 415 423 fides
433 359 544 443 hodie;
562 357 668 423 minor
687 362 736 422 est
755 356 829 421 inde
848 357 882 421 in
900 355 1047 441 muliere,

262 470 374 514 omnes
397 447 425 512 si
448 469 612 532 numeres,
634 447 724 511 nulla
739 444 890 510 Sabina
912 445 1042 510 manet'.

150 537 254 616 Quam
282 536 597 624 argumentationem
625 557 666 600 ne
694 535 722 600 si
750 555 844 599 verae
868 533 999 620 quidem
1021 533 1168 617 proposi-

76 627 77 632 ’
150 626 233 692 tioni
256 625 450 692 inniteretur
473 624 659 708 acciperem.
696 623 845 688 Revera
871 626 980 687 autem
1004 621 1169 686 Merilium

151 714 307 779 memoria
329 713 455 797 fefellit,
479 735 552 778 oum
575 734 731 778 nomena
750 713 911 776 bonorum
930 715 1100 795 poctarum
1119 733 1169 775 ae-

150 808 218 880 tate
242 825 344 889 usque
363 803 397 866 in
415 801 558 866 medium
577 823 691 866 aevum
710 801 823 887 utique
841 799 988 866 floruerit
1007 800 1117 864 eadem
1135 799 1168 864 ui

150 896 357 976 usurpatum,
380 891 490 956 confer
508 889 586 955 Hor.
602 890 694 975 epod.
708 887 748 973 H,
763 892 805 956 39
816 912 899 974 sqq.;
927 886 1017 953 Ovid.
1035 909 1095 954 am.
1112 886 1169 971 HI,

125 986 127 994 ’
151 983 182 1065 8,
200 982 257 1066 613
279 979 373 1045 Mart.
391 978 446 1063 IX,
464 981 552 1064 40,5
572 982 605 1043 et
622 977 677 1062 XI,
693 979 744 1062 15,
758 980 792 1064 23
810 977 918 1043 quen.
932 975 988 1060 VI,
1004 978 1077 1060 164,
1100 976 1169 1060 qui-

150 1070 212 1134 bus
235 1069 350 1133 addam
372 1069 529 1134 nonnulla
552 1067 701 1152 exempla
724 1089 741 1131 e
764 1067 862 1132 medii
881 1066 952 1131 aevi
970 1065 1168 1130 carminibus

151 1159 263 1224 desum
288 1163 334 1222 ta:
810 1187 812 1192 ·

239 1181 457 1311 Mliathematic.
480 1245 543 1333 (ed.
567 1245 602 1309 in
620 1244 822 1331 patrologiae
840 1243 941 1331 Mign.
961 1240 1073 1326 senss,
1091 1246 1168 1307 tom.

153 1337 228 1418 171,
246 1334 305 1398 ool.
325 1336 412 1400 1365
426 1331 511 1420 sqq.)
534 1337 616 1398 cant.
634 1331 692 1418 VI,
710 1336 753 1399 43

219 1421 369 1507 ‘ingemit
392 1422 509 1485 affectu
532 1443 607 1504 vera
631 1419 775 1486 Sabina
797 1421 865 1505 pio’

152 1509 282 1575 Ioannis
305 1508 559 1574 Saresberiensis
581 1508 744 1573 Enthetic.
768 1508 831 1596 (ed.
851 1505 953 1594 Giles)
972 1531 1000 1572 v.
1021 1510 1107 1574 1343

224 1597 387 1683 ‘Syllaque
412 1599 488 1663 dum
511 1597 632 1684 viguit,
655 1597 745 1662 nulla
767 1596 910 1663 Sabina
933 1595 1007 1662 fuit'

152 1688 295 1862 ggmoed,
307 1687 463 1843 {agonis
478 1687 540 1775 (ed.
565 1686 700 1773 Wright
718 1687 752 1751 in
768 1687 878 1771 ‘Early
892 1686 1075 1772 mysteries'
1095 1708 1168 1772 pag.

211 1800 226 1842 s
250 1800 279 1861 q.

219 1800 393 1950 ‘i'enelope
416 1865 536 1932 Pecula
559 1864 695 1950 pietate,
719 1864 842 1948 pudore
866 1863 998 1930 Sabina'

154 1959 189 2020 et
210 1955 275 2020 289

221 2042 331 2106 ‘Thais
355 2062 416 2127 ego
439 2040 564 2125 videor,
587 2040 698 2105 studui
720 2040 825 2126 magis
849 2061 918 2105 esse
942 2038 1101 2105 Sabina’

152 2129 309 2196 Bernardi
328 2128 541 2193 Morlanensis
565 2128 604 2192 de
628 2132 818 2210 contemptu
836 2127 947 2192 mundi
962 2127 1025 2215 (ed
1039 2128 1169 2196 Flacius

153 2217 241 2302 Illyr.
270 2217 370 2282 Varia
397 2217 622 2282 doctorum..
651 2217 689 2280 de
719 2221 872 2300 corrupto
902 2216 1054 2281 ecclesiae
1082 2222 1168 2282 statu

153 2306 325 2460 polenlrlata',
342 2304 1168 2482 17ἓὲ;,1118.305;81111111110111111111.11118111.

153 2418 214 2461 vo.
313 2417 331 2459 a
356 2446 362 2459 .

221 2418 374 2568 ‘pluiiriia
395 2483 508 2569 Lydia,
531 2505 602 2548 rara
624 2483 787 2568 Lucretia,
810 2482 900 2548 nulla
924 2481 1083 2549 Sabina’

153 2595 248 2638 carm.
267 2577 427 2639 resonant.
447 2571 493 2637 IX
511 2571 659 2660 (collegit
672 2572 807 2659 Wright
827 2572 938 2658 ‘Early
961 2572 1068 2658 myst'
1093 2595 1167 2660 pag.

157 2664 218 2727 107
235 2659 320 2749 sqq.)
339 2685 367 2727 v.
387 2665 408 2726 5
423 2684 492 2746 sqq.

487 2749 636 2814 ‘Pudoris
659 2749 829 2836 prodigam

557 2860 623 2902 non
647 2838 766 2924 eligam

448 2949 507 2992 neo
530 2925 710 2992 Sabinam
733 2927 878 2992 moribus

573 3015 759 3080 amoribus'.

244 3102 332 3168 Haec
356 3103 394 3168 de
412 3103 531 3168 Merilii
554 3104 729 3190 scrupulis,
751 3104 832 3170 alios
855 3127 913 3170 suo
936 3106 1007 3170 loco
1027 3109 1168 3192 tangam.

155 3193 249 3260 uerte
278 3193 379 3279 igitur
401 3191 585 3260 Matthaeus
608 3193 855 3260 Vindocinensis
882 3216 948 3259 non
970 3194 1034 3259 fuit
1057 3199 1169 3260 auctor

155 3281 351 3367 comoediae3
383 3281 456 3368 quis
490 3287 598 3348 autem
625 3283 737 3370 fuerit,
768 3304 835 3348 non
865 3283 972 3348 minus
1005 3282 1169 3348 evidenter

154 3371 366 3438 demonstrari
390 3375 508 3456 potest.

242 3461 291 3527 Ac
309 3461 451 3546 primum
471 3460 600 3547 quidem
614 3460 730 3525 Petrus
743 3459 905 3526 Blesensis
924 3460 961 3546 is,
980 3461 1036 3545 qui
1055 3465 1169 3544 postea

155 3556 223 3616 erat
242 3550 484 3616 archidiaconus
497 3549 734 3635 Bathoniensis,
752 3550 786 3614 in
805 3549 945 3634 epistula
959 3552 1001 3615 93
1021 3547 1063 3634 (v.
1078 3547 1168 3611 Petri

919 3652 953 3704 1*
