2634 3902
570 139 789 203 ..12-

172 295 258 378 aliis,
287 299 319 360 et
347 293 531 359 Policratici
558 293 636 361 libri
659 294 738 361 VIII
760 317 829 379 cap.
849 295 869 359 3
896 298 967 359 toto
992 293 1114 360 dehac
1138 317 1191 362 co·

172 383 299 449 moedia
323 383 445 470 agitur,
472 383 507 447 in
536 402 600 468 qua
627 385 802 450 secundum
829 381 1080 448 saresberiensis
1108 384 1191 450 iudi-

173 473 259 538 cium
281 471 446 560 (Policrat.
465 470 552 557 VIII,
573 471 607 559 1)
623 471 796 538 *Comicus
824 473 891 537 fere
919 473 1064 537 omnium
1086 473 1191 539 vitam

173 560 353 645 expressit’.
362 558 389 646 1)
427 559 566 627 Omnino
590 584 630 627 ex
654 561 905 628 Saresberiensis
930 561 1039 626 verbis
1062 562 1191 626 conclu·
1305 567 1306 576 ’

173 651 230 715 das
253 672 324 714 eam
347 655 434 734 tunc,
453 671 526 714 cunr
544 651 700 716 scriberet
718 649 947 716 Policraticum
965 649 1000 739 (i.
1015 672 1041 715 e.
1065 655 1189 716 aestate

172 759 199 803 a.
229 740 333 824 1159,
363 738 435 803 vide
468 737 743 825 Schaarschmidt,
774 761 849 825 pag.
879 735 978 823 143),
1010 739 1190 805 lectoribus

171 827 304 893 minime
332 827 480 914 ignotam
505 828 614 894 fuisse.
656 828 753 894 Petro
781 832 904 912 autem,
936 826 1191 894 Saresberiensis

172 916 289 1000 amico,
313 920 345 981 et
369 914 529 981 Guilelmc
550 917 656 1002 fratri,
680 939 761 1002 quos
780 916 999 982 adulescentes
1019 916 1190 1003 diligentia
1305 907 1306 940 r

172 1009 205 1069 et
224 1025 300 1069 cura
319 1004 430 1070 doctos
450 1002 617 1092 scimusl),
634 1007 697 1071 hoc
710 1006 854 1071 tribuere
869 1004 1032 1091 debemus,
1050 1010 1086 1070 ut
1106 1027 1189 1090 quae

173 1092 363 1176 aequalibus
387 1093 631 1180 eniditicribus,
654 1094 695 1159 iis
719 1115 847 1179 quoque
865 1097 944 1159 nota
962 1094 1061 1159 fuisse
1084 1117 1189 1160 suma·

172 1203 253 1246 mus.
291 1180 395 1258 Quare
418 1182 488 1246 fieri
512 1183 657 1266 potuisse
680 1205 779 1269 nego,
805 1187 843 1248 ut
867 1181 1046 1248 Guilelmus
1068 1183 1108 1248 de
1131 1183 1189 1248 'Pe-

77 1316 80 1323 ·
172 1269 269 1334 rentii
292 1269 451 1335 Eunucho
473 1271 557 1336 nihil
580 1276 655 1336 ante
678 1272 788 1336 oculos
815 1271 964 1356 haberet,
990 1271 1054 1336 nisi
1081 1294 1189 1337 narra·

173 1357 296 1423 tionem
320 1358 474 1424 rusticam
497 1382 594 1444 prosa
617 1360 763 1426 cretione
787 1362 973 1426 confectam.

262 1447 432 1513 Praeterea
455 1449 573 1514 mirum
592 1453 689 1534 esset,
712 1449 799 1534 quod
818 1454 928 1534 poeta,
951 1449 978 1514 si
992 1448 1188 1515 Ermuchum

173 1557 247 1602 eum
271 1536 456 1602 adhibuisse
480 1539 645 1621 ponimus,
663 1561 730 1602 non
753 1539 847 1622 plura
862 1537 1053 1622 sumpsisset
1072 1560 1112 1603 ex
1131 1538 1188 1603 illa

172 1624 305 1708 fabula,
319 1646 396 1689 nam
419 1626 597 1691 similitudo
620 1627 706 1691 inter
719 1625 837 1692 Aldam
852 1631 884 1691 ct
899 1626 1041 1691 Terentii
1065 1649 1188 1705 comce-

172 1712 259 1776 diam
281 1717 350 1777 tam
373 1713 492 1799 exigua
518 1719 649 1798 tamque
677 1715 712 1779 in
740 1737 815 1779 casu
842 1716 951 1799 posita
978 1719 1040 1800 est,
1066 1720 1104 1781 ut
1131 1717 1188 1781 vix

174 1800 280 1884 possit
304 1800 482 1866 similitudo
505 1803 621 1868 vocari.
657 1803 756 1868 Plura
774 1803 873 1868 etiam
891 1804 925 1868 in
943 1803 1045 1868 Aldae
1065 1827 1188 1870 comoe-

173 1888 225 1952 dia
248 1888 372 1972 insrmt,
401 1911 483 1975 quae
511 1891 678 1976 antiquam
705 1891 848 1957 fabulam
878 1893 966 1958 olent
994 1914 1094 1978 eaque
1121 1916 1189 1959 non
1305 1933 1306 1962 l

172 1999 213 2041 ex
236 1977 395 2043 Eunucho
419 1978 598 2064 desumpta.
682 1990 683 1993 ’

262 2065 324 2132 Sed
351 2068 519 2133 redeamus
547 2069 588 2133 ad
615 2069 745 2156 prologi
769 2069 880 2154 verba,
904 2091 986 2155 quae
1014 2068 1095 2134 mihi
1119 2071 1187 2154 qui·

173 2155 246 2220 dem
264 2156 364 2220 dubia
377 2177 444 2222 non
457 2157 607 2222 videntur
622 2179 699 2223 esse.
735 2157 942 2223 Incredibilia
956 2158 1043 2223 enim
1057 2163 1090 2223 et
1103 2181 1187 2243 quae

172 2243 329 2309 mendacii
353 2249 385 2308 ct
408 2245 605 2310 inventionis
628 2247 769 2330 speciem
792 2268 870 2330 prae
898 2269 932 2311 se
960 2247 1065 2312 ierant
1088 2253 1188 2332 poeta

171 2354 238 2396 non
259 2336 383 2416 narrat,
406 2334 462 2397 sed
484 2333 593 2400 verbis
616 2334 820 2420 simplicibus
842 2357 947 2420 neque
966 2336 1188 2402 immoderatis
1305 2357 1306 2376 ¹

171 2507 192 2561 1.
211 2506 362 2576 Mangeart
381 2506 548 2577 ‘Catalogue
567 2509 617 2563 des
637 2526 687 2564 ms.
707 2510 742 2564 de
756 2508 973 2564 Valenciennes’
989 2527 1054 2580 pag.
1070 2513 1134 2580 416)
1149 2510 1187 2565 ad

170 2577 256 2632 finem
275 2593 347 2634 saec.
366 2577 427 2635 XII.
447 2577 595 2649 scriptum,
615 2580 691 2650 quod
710 2579 803 2634 editor
821 2580 860 2634 du
877 2581 961 2634 Meril
980 2585 1067 2651 (pods.
1086 2580 1185 2636 incdit.

170 2664 237 2718 pag.
261 2651 324 2715 294)
347 2649 436 2704 medii
458 2651 521 2706 aevi
544 2651 674 2706 centibus
697 2650 881 2720 popularibus
903 2651 1036 2722 inseruit,
1059 2651 1186 2708 Terentii

171 2718 390 2844 est,hChaereae
408 2721 524 2790 querela
541 2725 657 2793 propter
671 2721 806 2777 amissam
819 2722 956 2792 puellam
975 2722 1041 2778 ride
1054 2722 1115 2780 Ter.
1131 2723 1185 2778 Eu-

170 2807 226 2846 nuc
248 2833 254 2846 .
273 2805 299 2847 v.
319 2798 469 2848 aaa—296.

244 2864 270 2930 1)
288 2862 420 2918 Imitatur
443 2862 732 2919 saresberiensis'his
755 2863 849 2920 verbis
873 2863 1042 2930 Quintiliani
1067 2865 1102 2920 de
1126 2865 1185 2920 Me-

170 2934 279 2987 nandro
298 2932 436 2989 iudicium
454 2935 488 2999 X,
505 2939 528 3002 1,
547 2940 580 2990 69
602 2933 656 2988 ‘ita
674 2951 785 2990 omnem
803 2935 881 2990 vitae
899 2934 1054 3006 imaginem
1074 2952 1184 3007 expres-

171 3003 232 3074 sit',
250 3005 324 3059 unde
343 3004 435 3060 solum
452 3006 567 3074 poetam
581 3021 712 3074 graecum
727 3005 755 3060 ei
768 3005 855 3061 fuisse
869 3008 969 3060 notum
982 3009 1080 3076 putem
1093 3023 1185 3077 nequa

170 3075 290 3144 probare
308 3074 401 3143 velim,
421 3087 495 3145 quae
514 3075 549 3130 de
568 3073 631 3130 loco
649 3075 750 3132 Policr.
769 3077 790 3143 I,
810 3084 826 3132 8
851 3076 1032 3133 coniecerunt
1050 3077 1186 3148 Peiperus

170 3145 232 3216 (1.1.
252 3164 270 3216 p
312 3189 317 3199 .
337 3149 401 3215 529)
420 3147 450 3201 et
468 3145 711 3201 Muellenbachius
731 3147 794 3218 (1.1.
813 3165 878 3218 pag.
899 3150 952 3218 16).

243 3221 271 3287 2)
316 3214 407 3285 ideas,
427 3233 500 3286 quae
519 3217 650 3287 exposuit
667 3217 767 3274 Petrus
782 3219 855 3276 Bles.
870 3218 900 3274 in
914 3235 957 3291 ep.
974 3225 1024 3275 101
1044 3220 1080 3276 de
1099 3219 1185 3275 disci-

169 3284 256 3355 plinis
280 3286 511 3356 elementaribus,
534 3287 637 3358 quibus
661 3289 700 3344 sit
721 3289 861 3359 imbutus,
887 3291 917 3345 et
939 3290 974 3344 de
998 3289 1183 3360 scriptoribus

170 3355 364 3426 grammaticis
383 3359 413 3412 et
430 3357 588 3428 historicis,
612 3377 684 3430 quos
706 3361 820 3431 legerit;
846 3361 881 3416 cf.
899 3363 1048 3431 praeterea
1067 3360 1184 3416 ‘Biblio-

169 3429 264 3480 mania
282 3426 313 3480 in
330 3426 379 3481 the
398 3427 505 3484 Middle
523 3429 609 3500 Ages’
630 3432 668 3503 by
681 3431 711 3488 F.
727 3432 854 3487 Sommer
867 3431 1092 3500 Merryweather.
1111 3432 1184 3487 Lon-

171 3497 227 3552 dcn
248 3501 325 3566 1849,
344 3513 409 3568 pag.
431 3506 482 3556 160
496 3517 557 3570 sqq.
