2634 3902
563 356 598 397 ss
623 353 685 416 que
706 328 770 395 tibi
793 329 912 414 pietas,
936 329 963 394 si
986 351 1050 414 qua
1074 333 1123 394 est
1147 329 1317 415 compassi

619 420 645 484 si
667 418 744 504 quid
766 419 866 483 hebet
889 418 956 483 veri
978 422 1090 484 noster
1112 419 1229 484 amoris
1252 443 1317 484 am

573 531 654 595 ques
674 507 814 573 moriens
837 512 870 571 et
893 529 1003 572 amens
1027 511 1186 572 extremas
1209 509 1308 573 fundo

623 598 731 662 effectu
755 595 884 661 studeas
907 595 1086 661 exhilarare
1109 598 1233 684 preces!

578 686 727 752 artificem
750 685 872 749 recolas
895 689 929 749 te
951 685 1183 769 materiamque
1207 685 1317 751 dolori

623 774 722 857 istius,
746 777 779 837 et
801 778 929 839 moveat
952 777 986 837 te
1008 796 1099 838 meus
1121 774 1184 838 iste
1207 775 1313 839 labori

578 885 635 929 neo
655 866 778 927 moveat
800 866 922 946 tamen,
946 866 982 926 ut
1006 863 1114 927 doleas
1136 867 1204 927 tem
1227 886 1280 927 mo
1309 863 1315 876 ’

622 974 659 1016 ne
679 955 754 1015 tuus
775 951 828 1016 his
851 950 1003 1035 precibus
1025 951 1131 1035 possit
1153 952 1266 1016 abesse
1289 953 1313 1016 f=

580 1041 626 1107 sic
646 1039 826 1104 obstetricis
848 1040 969 1123 probat
992 1040 1194 1125 experientia
1215 1045 1317 1105 nostr

622 1129 683 1193 filie
703 1132 853 1193 nascetur
875 1151 927 1192 me
950 1128 1107 1194 moriente
1130 1129 1202 1193 tibi.

578 1217 610 1282 di
632 1239 752 1282 sensere
775 1239 869 1282 suum
892 1217 1013 1283 crimen
1035 1218 1118 1302 fore,
1141 1217 1305 1284 dissociari

620 1306 709 1390 tales,
732 1327 813 1390 quos
835 1305 911 1370 telis
934 1306 1041 1392 iungit
1065 1311 1097 1371 et
1120 1328 1204 1370 unus
1227 1330 1300 1371 amo

575 1417 651 1481 ergo
673 1393 873 1460 satisfaciunt
894 1394 1005 1478 nobis,
1027 1395 1219 1479 culpamque
1242 1396 1308 1459 fate

620 1483 731 1548 damna
753 1483 817 1547 tibi
840 1488 978 1567 pensent
1001 1483 1242 1568 restituuntque
1265 1488 1314 1549 tu

573 1574 712 1637 fatorum
734 1571 855 1636 invidia
877 1576 935 1636 tua
958 1572 985 1637 si
1008 1572 1072 1637 tibi
1094 1572 1222 1637 tollitur
1243 1571 1317 1637 Ald

616 1665 671 1726 eut
693 1684 753 1745 par
774 1664 831 1724 aut
854 1660 969 1725 melior
991 1661 1136 1725 redditur
1157 1661 1242 1726 Alde
1263 1662 1313 1726 tib

568 1749 603 1814 di
627 1750 721 1834 benc,
744 1749 799 1834 qui
822 1749 886 1814 tibi
909 1771 960 1813 me
984 1749 1146 1814 communi
1169 1749 1203 1814 in
1226 1751 1312 1834 prol

614 1838 711 1922 inque
733 1861 805 1903 mea
827 1837 968 1902 moriens
991 1839 1093 1923 stirpe
1117 1844 1281 1922 superstes
1306 1867 1312 1878 ·

566 1927 711 2012 pullulet
734 1927 768 1990 in
791 1926 937 2011 plantem
959 1932 1088 1992 nostree
1111 1933 1308 2011 praemortu

612 2016 705 2080 radix
729 2015 763 2080 in
785 2017 855 2081 fetu
878 2016 1095 2099 multiplicate
1117 2037 1183 2080 suo.

563 2104 659 2187 Ulfe,
682 2126 790 2169 meum
812 2105 928 2168 melius
951 2105 1047 2169 eliam
1069 2108 1215 2168 mutatur
1237 2104 1271 2168 in
1305 2128 1309 2141 ·

611 2215 696 2278 esse,
718 2215 871 2277 meosque
895 2193 957 2257 sibi
979 2193 1127 2258 vendicet
1149 2192 1205 2256 ille
1228 2191 1303 2256 dies.

560 2286 711 2366 trenaee,
733 2303 800 2346 non
821 2281 955 2366 morior,
979 2282 1060 2347 alios
1082 2281 1290 2346 transfundor

639 2499 674 2548 78
694 2492 750 2547 iste
764 2490 844 2547 dolor
898 2497 931 2546 79
946 2508 984 2562 sq.
999 2493 1032 2546 ut
1046 2491 1143 2547 doleas
1157 2491 1242 2546 nimis
1257 2492 1315 2547 aori

558 2563 610 2620 his
628 2562 762 2633 precibus
780 2561 872 2633 possit
890 2564 989 2618 edesse
1008 2561 1089 2617 favor
1167 2570 1202 2619 84
1220 2563 1293 2618 tales
1316 2598 1317 2603 κ

559 2637 593 2690 et
612 2633 679 2688 unit
698 2650 776 2689 amor
854 2639 888 2688 92
907 2631 937 2689 in
955 2633 1016 2690 fetu
1032 2632 1114 2688 radix
1131 2633 1311 2704 multiplicen

557 2707 690 2761 novatur
761 2711 796 2760 94
815 2707 928 2760 mutuet

639 2889 672 2938 73
695 2882 752 2937 tibi
769 2882 875 2954 pictas]
903 2882 959 2938 tibi
986 2884 1031 2938 est
1052 2882 1145 2952 pietas
1171 2884 1200 2935 Η
1226 2912 1260 2922 -
1289 2886 1305 2935 8

557 2953 707 3010 stectrieis
723 2956 755 3009 X
786 2985 819 2995 -
853 2960 887 3010 88
905 2952 1098 3026 satisfaciunt]
1118 2951 1297 3007 satisfaciant

556 3027 704 3096 fatentes]
725 3025 863 3094 culpaque
882 3025 999 3080 fetentis
1019 3026 1054 3081 H

639 3191 674 3240 78
693 3182 751 3238 tibi
768 3182 874 3256 pietas]
888 3182 944 3238 tibi
958 3185 1001 3238 est
1014 3183 1147 3254 pictesIa
1167 3213 1200 3224 -
1221 3189 1255 3238 76
1274 3198 1317 3236 ex

564 3256 593 3310 V
611 3284 648 3297 -
669 3260 705 3310 80
724 3253 839 3327 nexilis]
859 3254 941 3309 exilis
960 3255 998 3309 Μ
1013 3286 1045 3295 -
1070 3260 1103 3310 81
1124 3252 1312 3325 experientia]

557 3357 595 3368 -
627 3332 663 3381 88
689 3325 721 3380 di
739 3327 863 3397 sensere]
883 3325 1041 3382 dissensere
1055 3328 1135 3396 prior
1155 3343 1168 3379 s
1187 3327 1219 3380 s'e
1237 3341 1291 3380 ras.

556 3396 645 3452 vobis
665 3396 695 3450 L
723 3429 759 3438 -
787 3397 922 3469 latentes]
941 3397 1064 3451 fetentes
1087 3397 1126 3452 W
1152 3427 1183 3436 —
1209 3402 1243 3451 86
1261 3411 1317 3449 res

556 3469 706 3536 tuentque
727 3469 812 3524 VWr
831 3499 865 3509 -
888 3474 922 3522 89
942 3467 1094 3538 communi]
1110 3465 1222 3521 comuni
1235 3466 1263 3520 L
1282 3496 1315 3507 -

554 3541 734 3608 premortua
756 3540 795 3595 W
811 3571 845 3581 —
865 3545 899 3594 94
917 3538 1043 3608 mutuat]
1061 3539 1172 3592 metuet
1189 3537 1215 3592 L
