2634 3902
458 143 755 227 «55-

66 365 67 368 ,
188 299 280 385 ignes
303 319 322 362 a
344 297 464 363 nostris
487 299 661 383 sumpseril
684 299 740 364 illa
764 299 853 364 cibis.

18 405 21 410 '
89 405 130 445 2⁵⁵
144 388 300 473 prodigus
323 386 358 450 in
381 386 487 471 primo
510 387 554 452 sis
576 409 708 452 munere
731 387 834 473 deque
857 389 967 453 futuro

188 498 279 561 spem
303 474 423 540 faciani
446 475 494 540 illi
517 498 650 541 munera
672 475 778 560 prima
800 477 927 541 bonam.

143 564 275 651 sic-cibi
298 568 376 628 lunc
399 563 498 628 fuerit
521 564 659 650 geminis
681 565 813 631 astricta
836 565 971 647 catania,

186 653 437 736 muneribusque
460 653 526 718 tuis
550 653 809 739 carminibusque
832 653 920 719 meis.

141 764 207 807 non
231 746 279 806 551
302 741 479 806 laudandus
501 742 554 806 vel
576 742 729 807 amandus
752 764 865 807 avarus
888 747 1024 829 amator,

89 849 129 888 260
187 831 344 918 prodigus
367 830 466 896 estol'
493 868 530 878 —
556 830 651 894 ‘nihil
678 835 728 895 esi
754 831 846 894 mihi'
869 831 1014 915 Pyrrhus
1035 833 1089 898 551.
1113 871 1159 882 --

142 918 278 1004 Spurius
300 920 374 984 hoc:
399 919 501 1003 novi,
523 919 613 1004 novi,
636 940 717 1004 puer
741 919 877 1003 optime,
899 920 988 1005 novi,
1020 956 1022 960 ·

185 1012 219 1072 15
242 1008 346 1092 patris
368 1007 562 1092 improbitas
584 1029 651 1072 non
674 1007 751 1072 sinit
775 1029 842 1072 esse
866 1010 1016 1093 probum.

142 1096 262 1160 ausleri
286 1100 318 1160 el
341 1094 413 1160 duri
436 1096 521 1160 senis
544 1094 750 1161 inclementia
771 1097 875 1162 nostri
898 1135 942 1144 -—

186 1184 270 1269 prch
293 1183 410 1269 pudor!
428 1181 476 1230 '—-
500 1184 535 1248 in
557 1206 658 1269 puero
681 1189 715 1250 55
738 1185 817 1250 facit
840 1207 908 1250 esse
930 1207 1049 1252 senem.

86 1290 127 1331 555
140 1273 229 1355 lude,
252 1272 428 1338 satisfacias
451 1273 543 1337 annis
566 1295 720 1358 operosus
742 1277 868 1338 amator

185 1383 245 1427 nec
268 1362 353 1427 senis
376 1361 526 1448 invigiles
549 1362 695 1427 moribus
718 1366 792 1427 ante
815 1364 937 1426 senem!

142 1472 215 1516 cum
237 1450 320 1516 nihil
342 1451 377 1515 in
398 1451 513 1516 loculis
536 1451 600 1516 tibi
623 1450 679 1536 sil,
702 1472 759 1515 eur
780 1450 878 1534 plena
899 1450 1026 1516 laborat

187 1561 259 1604 arca
282 1539 407 1624 patris?
430 1544 524 1625 patre
547 1539 647 1615 divite
669 1544 764 1604 natus
788 1539 884 1626 egel?

141 1627 217 1692 falle
240 1650 363 1710 senem,
384 1629 443 1693 fiat
464 1628 528 1693 ubi
551 1627 649 1693 clavis
672 1628 844 1693 adulteral'
868 1628 1012 1713 Pyrrhus

87 1735 128 1773 cic
186 1715 231 1780 sic
254 1716 324 1802 agit
347 1720 379 1780 55
401 1715 525 1781 loculos
548 1716 687 1781 sarcinat
710 1717 780 1801 ipse
804 1738 887 1782 suos.

140 1801 278 1887 Spurius
301 1807 433 1887 accepto
457 1803 623 1888 pastillum
647 1809 819 1889 praeparal
841 1826 927 1870 aere:

185 1891 255 1976 ipse
279 1891 342 1956 sibi
367 1893 491 1977 doctor,
513 1893 584 1977 ipse
608 1893 763 1980 magister
785 1898 862 1960 5551.

140 1980 175 2044 in
198 2001 313 2046 conum
337 1979 428 2066 prius
451 1981 600 2068 erigilur,
622 1982 812 2047 descendere
834 1982 965 2048 tandem
1071 2047 1074 2054 ,

185 2069 314 2156 cogitur
335 2069 369 2134 in
391 2070 494 2135 laium
517 2075 612 2154 pasta
634 2075 800 2156 premente
824 2091 933 2156 manu;

87 2175 126 2216 2⁷5
140 2158 253 2244 figitur
275 2158 309 2223 in
332 2159 437 2223 medio
461 2164 573 2243 pastae
596 2182 722 2245 manua,
745 2158 846 2224 altera
869 2160 988 2224 circum

186 2246 274 2310 ducit
297 2251 330 2311 51
353 2248 498 2312 extendit
521 2251 731 2332 adtenuatque
755 2247 898 2334 globum.

211 2445 262 2493 255
282 2455 360 2508 spem
380 2437 486 2493 facient
583 2445 637 2495 259,
654 2456 706 2494 nec
726 2439 863 2494 amandus
961 2445 1012 2494 251
1032 2439 1151 2510 Spurius

138 2509 209 2563 haec
290 2515 342 2563 253
362 2507 417 2561 diri
489 2516 540 2565 257
560 2528 622 2565 eum
640 2511 726 2580 plena
805 2516 856 2565 270
877 2512 937 2564 arte
956 2527 1021 2565 suos
1097 2518 1152 2567 275

138 2579 168 2632 in
186 2579 279 2633 medio
298 2595 408 2634 massae

210 2763 262 2812 259
282 2772 384 2812 avarus
403 2759 526 2830 amator]
545 2760 655 2814 amator
673 2774 772 2813 avarus
792 2758 865 2812 XM
880 2789 913 2799 -
933 2765 985 2814 250
1002 2758 1088 2832 nihil]
1107 2759 1150 2813 nil

138 2828 173 2882 H
188 2859 222 2869 -
247 2833 297 2882 251
310 2827 364 2899 'Sp
383 2828 449 2883 hoc:
469 2828 535 2884 nori
553 2846 604 2899 cqc.
623 2832 736 2899 scripsi,
755 2829 813 2898 Sp.=
834 2828 915 2883 ‘haec
933 2828 1000 2884 nori
1017 2847 1069 2900 epa.
1094 2831 1150 2885 Wr

139 2897 198 2966 Sp:
217 2898 271 2953 hoe
288 2900 355 2953 novi
374 2916 424 2970 cqc.
445 2901 482 2954 M
504 2931 537 2941 -
567 2906 619 2955 257
639 2899 694 2954 tibi
712 2917 762 2955 om.
783 2900 818 2954 H
837 2931 870 2940 -
894 2901 1147 2973 258551555351]

137 2984 245 3036 pauper
264 2967 318 3022 eris
339 2970 371 3022 X
396 2986 505 3039 pauper
523 2973 624 3040 egesb
652 3002 686 3012 —
715 2977 768 3024 270
787 2970 861 3041 agit]
881 2970 923 3024 551
940 2971 975 3024 H
1001 2969 1074 3040 ‘sic',
1098 2971 1149 3040 551,

139 3039 190 3092 ‘et'
210 3055 262 3108 epa.
287 3038 343 3094 Wr
360 3070 396 3080 —
414 3039 487 3111 ipse]
506 3041 555 3094 ille
576 3043 607 3094 X
624 3072 658 3082 -
677 3046 728 3096 271
751 3045 794 3113 (Γ
813 3043 845 3097 iu
863 3059 949 3112 55559.
969 3040 1004 3096 H

137 3148 350 3156 m—

208 3222 260 3269 255
279 3214 381 3286 deque]
401 3232 470 3272 corr.
490 3234 504 3272 e
522 3215 557 3270 de
571 3213 628 3284 dua
651 3217 678 3272 V
690 3217 792 3288 llleque
809 3219 918 3274 videtur
936 3217 1049 3274 derasa
1067 3218 1093 3271 L
1113 3247 1147 3258 -

137 3290 188 3340 257
207 3286 286 3356 tunc]
305 3287 419 3340 nuncL
438 3317 471 3328 -
491 3292 543 3341 259
561 3288 687 3411 necyn
707 3289 744 3344 W
761 3319 793 3329 —-
813 3304 914 3344 avarus
933 3289 1054 3413 55555155]
1070 3304 1147 3369 55555-

136 3357 182 3411 tor
205 3357 350 3410 avarusL
376 3388 406 3397 -
430 3362 481 3412 251
509 3359 592 3431 15555]
641 3359 718 3413 oeL
746 3391 779 3400 -
807 3365 858 3415 253
887 3358 995 3414 austeri
1021 3375 1036 3413 e
1079 3358 1146 3430 din]

136 3426 258 3482 austeris
277 3429 307 3481 55
325 3427 384 3480 dixi
407 3427 446 3482 W
462 3458 495 3468 -
514 3427 708 3501 inclementia]
728 3429 904 3486 indemencia
929 3431 953 3484 V
972 3461 1004 3470 -
1024 3435 1076 3485 254
1094 3446 1147 3498 pu-

136 3496 200 3568 dor]
219 3497 308 3568 pudei
326 3498 353 3552 L
372 3528 404 3537 -
425 3504 477 3552 270
496 3498 557 3567 agit
576 3500 616 3570 et]
637 3515 705 3568 ager
723 3503 752 3554 55
770 3501 797 3556 L
