<?xml version="1.0" encoding="UTF-8"?>
<!DOCTYPE html PUBLIC "-//W3C//DTD XHTML 1.0 Transitional//EN"
    "http://www.w3.org/TR/xhtml1/DTD/xhtml1-transitional.dtd">
<html xmlns="http://www.w3.org/1999/xhtml" xml:lang="en" lang="en">
 <head>
  <title>
</title>
<meta http-equiv="Content-Type" content="text/html;charset=utf-8" />
  <meta name='ocr-system' content='tesseract 3.04.00' />
  <meta name='ocr-capabilities' content='ocr_page ocr_carea ocr_par ocr_line ocrx_word'/>
</head>
<body>
  <div class='ocr_page' id='page_1' title='image "./guilelmiblesens00lohmgoog/guilelmiblesens00lohmgoog_0037.png"; bbox 0 0 2634 3902; ppageno 0'>
   <div class='ocr_carea' id='block_1_1' title="bbox 577 141 799 206">
    <p class='ocr_par' dir='ltr' id='par_1_1' title="bbox 577 141 799 206">
     <span class='ocr_line' id='line_1_1' title="bbox 577 141 799 206; baseline 0 -20"><span class='ocrx_word' id='word_1_1' title='bbox 577 141 799 206; x_wconf 67' lang='lat'>„23-</span> 
     </span>
    </p>
   </div>
   <div class='ocr_carea' id='block_1_2' title="bbox 177 297 1204 3572">
    <p class='ocr_par' dir='ltr' id='par_1_2' title="bbox 251 297 1055 385">
     <span class='ocr_line' id='line_1_2' title="bbox 251 297 1055 385; baseline -0.002 -19"><span class='ocrx_word' id='word_1_2' title='bbox 251 301 387 385; x_wconf 68' lang='lat' dir='ltr'>‘Pyrrho</span> <span class='ocrx_word' id='word_1_3' title='bbox 412 322 521 365; x_wconf 83' lang='lat' dir='ltr'>servus</span> <span class='ocrx_word' id='word_1_4' title='bbox 546 304 614 365; x_wconf 89' lang='lat' dir='ltr'>erat</span> <span class='ocrx_word' id='word_1_5' title='bbox 637 305 670 364; x_wconf 87' lang='lat' dir='ltr'>et</span> <span class='ocrx_word' id='word_1_6' title='bbox 691 321 810 365; x_wconf 92' lang='lat' dir='ltr'>nomen</span> <span class='ocrx_word' id='word_1_7' title='bbox 833 297 970 383; x_wconf 83' lang='lat' dir='ltr'>Spurius</span> <span class='ocrx_word' id='word_1_8' title='bbox 992 298 1055 383; x_wconf 89' lang='lat' dir='ltr'>illi,</span> 
     </span>
    </p>

    <p class='ocr_par' dir='ltr' id='par_1_3' title="bbox 182 387 1204 651">
     <span class='ocr_line' id='line_1_3' title="bbox 291 387 940 473; baseline -0.005 -19"><span class='ocrx_word' id='word_1_9' title='bbox 291 411 351 455; x_wconf 86' lang='lat' dir='ltr'>nee</span> <span class='ocrx_word' id='word_1_10' title='bbox 375 389 484 454; x_wconf 87' lang='lat' dir='ltr'>deerat</span> <span class='ocrx_word' id='word_1_11' title='bbox 506 388 581 454; x_wconf 90' lang='lat' dir='ltr'>talis</span> <span class='ocrx_word' id='word_1_12' title='bbox 604 388 744 453; x_wconf 88' lang='lat' dir='ltr'>nominis</span> <span class='ocrx_word' id='word_1_13' title='bbox 767 409 862 452; x_wconf 92' lang='lat' dir='ltr'>omen</span> <span class='ocrx_word' id='word_1_14' title='bbox 885 387 940 473; x_wconf 88' lang='lat' dir='ltr'>ei&#39;‚</span> 
     </span>
     <span class='ocr_line' id='line_1_4' title="bbox 182 475 1204 562; baseline -0.001 -19"><span class='ocrx_word' id='word_1_15' title='bbox 182 483 279 562; x_wconf 90' lang='lat' dir='ltr'>atque</span> <span class='ocrx_word' id='word_1_16' title='bbox 302 478 383 544; x_wconf 86' lang='lat' dir='ltr'>illud</span> <span class='ocrx_word' id='word_1_17' title='bbox 407 499 534 562; x_wconf 91' lang='lat' dir='ltr'>quoque</span> <span class='ocrx_word' id='word_1_18' title='bbox 558 499 598 541; x_wconf 87' lang='lat' dir='ltr'>ex</span> <span class='ocrx_word' id='word_1_19' title='bbox 616 477 746 542; x_wconf 91' lang='lat' dir='ltr'>nomine</span> <span class='ocrx_word' id='word_1_20' title='bbox 765 475 920 541; x_wconf 80' lang='lat' dir='ltr'>deducere</span> <span class='ocrx_word' id='word_1_21' title='bbox 944 497 1038 541; x_wconf 90' lang='lat' dir='ltr'>omen</span> <span class='ocrx_word' id='word_1_22' title='bbox 1057 475 1204 542; x_wconf 86' lang='lat' dir='ltr'>usitatis-</span> 
     </span>
     <span class='ocr_line' id='line_1_5' title="bbox 182 566 603 651; baseline -0.005 -20"><span class='ocrx_word' id='word_1_23' title='bbox 182 567 300 631; x_wconf 89' lang='lat' dir='ltr'>simum</span> <span class='ocrx_word' id='word_1_24' title='bbox 323 571 405 650; x_wconf 87' lang='lat' dir='ltr'>erat,</span> <span class='ocrx_word' id='word_1_25' title='bbox 427 566 500 630; x_wconf 85' lang='lat' dir='ltr'>vide</span> <span class='ocrx_word' id='word_1_26' title='bbox 524 588 549 629; x_wconf 89' lang='lat' dir='ltr'>e.</span> <span class='ocrx_word' id='word_1_27' title='bbox 573 588 603 651; x_wconf 85' lang='lat' dir='ltr'>g.</span> 
     </span>
    </p>

    <p class='ocr_par' dir='ltr' id='par_1_4' title="bbox 181 655 587 739">
     <span class='ocr_line' id='line_1_6' title="bbox 181 655 587 739; baseline -0.007 -18"><span class='ocrx_word' id='word_1_28' title='bbox 181 655 279 722; x_wconf 90' lang='lat' dir='ltr'>Vital.</span> <span class='ocrx_word' id='word_1_29' title='bbox 303 655 411 721; x_wconf 85' lang='lat' dir='ltr'>Aulul.</span> <span class='ocrx_word' id='word_1_30' title='bbox 434 678 463 719; x_wconf 85' lang='lat' dir='ltr'>v.</span> <span class='ocrx_word' id='word_1_31' title='bbox 482 655 525 720; x_wconf 82' lang='lat'>43</span> <span class='ocrx_word' id='word_1_32' title='bbox 541 677 587 739; x_wconf 89' lang='lat' dir='ltr'>sq.</span> 
     </span>
    </p>

    <p class='ocr_par' dir='ltr' id='par_1_5' title="bbox 248 741 1199 830">
     <span class='ocr_line' id='line_1_7' title="bbox 248 741 1199 830; baseline -0.003 -21"><span class='ocrx_word' id='word_1_33' title='bbox 248 745 355 810; x_wconf 74' lang='lat' dir='ltr'>‘natus</span> <span class='ocrx_word' id='word_1_34' title='bbox 384 766 459 830; x_wconf 83' lang='lat' dir='ltr'>ego,</span> <span class='ocrx_word' id='word_1_35' title='bbox 486 748 523 808; x_wconf 90' lang='lat' dir='ltr'>ut</span> <span class='ocrx_word' id='word_1_36' title='bbox 552 764 701 827; x_wconf 86' lang='lat' dir='ltr'>quererer</span> <span class='ocrx_word' id='word_1_37' title='bbox 725 764 865 826; x_wconf 76' lang='lat' dir='ltr'>semper,</span> <span class='ocrx_word' id='word_1_38' title='bbox 893 741 1116 825; x_wconf 87' lang='lat' dir='ltr'>Querulusque</span> <span class='ocrx_word' id='word_1_39' title='bbox 1144 764 1199 806; x_wconf 86' lang='lat' dir='ltr'>vo-</span> 
     </span>
    </p>

    <p class='ocr_par' dir='ltr' id='par_1_6' title="bbox 878 835 969 895">
     <span class='ocr_line' id='line_1_8' title="bbox 878 835 969 895; baseline -0.011 0"><span class='ocrx_word' id='word_1_40' title='bbox 878 835 969 895; x_wconf 89' lang='lat' dir='ltr'>oatus</span> 
     </span>
    </p>

    <p class='ocr_par' dir='ltr' id='par_1_7' title="bbox 181 879 1198 1074">
     <span class='ocr_line' id='line_1_9' title="bbox 293 879 1115 1004; baseline -0.004 -18"><span class='ocrx_word' id='word_1_41' title='bbox 293 925 330 986; x_wconf 91' lang='lat' dir='ltr'>ut</span> <span class='ocrx_word' id='word_1_42' title='bbox 351 921 458 986; x_wconf 86' lang='lat' dir='ltr'>vivam</span> <span class='ocrx_word' id='word_1_43' title='bbox 482 920 635 1004; x_wconf 84' lang='lat' dir='ltr'>querulus</span> <span class='ocrx_word' id='word_1_44' title='bbox 659 924 691 984; x_wconf 88' lang='lat' dir='ltr'>et</span> <span class='ocrx_word' id='word_1_45' title='bbox 714 941 786 984; x_wconf 92' lang='lat' dir='ltr'>mea</span> <span class='ocrx_word' id='word_1_46' title='bbox 808 920 876 984; x_wconf 87' lang='lat' dir='ltr'>fata</span> <span class='ocrx_word' id='word_1_47' title='bbox 900 879 1026 1003; x_wconf 74' lang='lat' dir='ltr'>queiar&#39;</span> <span class='ocrx_word' id='word_1_48' title='bbox 1051 940 1115 1002; x_wconf 78' lang='lat' dir='ltr'>eqa</span> 
     </span>
     <span class='ocr_line' id='line_1_10' title="bbox 181 1006 1198 1074; baseline -0.002 0"><span class='ocrx_word' id='word_1_49' title='bbox 181 1029 260 1074; x_wconf 84' lang='lat' dir='ltr'>eom.</span> <span class='ocrx_word' id='word_1_50' title='bbox 280 1010 319 1073; x_wconf 91' lang='lat' dir='ltr'>de</span> <span class='ocrx_word' id='word_1_51' title='bbox 338 1009 478 1074; x_wconf 80' lang='lat' dir='ltr'>Baucide</span> <span class='ocrx_word' id='word_1_52' title='bbox 491 1032 520 1073; x_wconf 86' lang='lat' dir='ltr'>v.</span> <span class='ocrx_word' id='word_1_53' title='bbox 538 1010 600 1074; x_wconf 88' lang='lat'>188</span> <span class='ocrx_word' id='word_1_54' title='bbox 620 1008 741 1073; x_wconf 70' lang='lat' dir='ltr'>‘Davus</span> <span class='ocrx_word' id='word_1_55' title='bbox 761 1007 849 1073; x_wconf 83' lang='lat' dir='ltr'>dicor</span> <span class='ocrx_word' id='word_1_56' title='bbox 866 1007 914 1072; x_wconf 92' lang='lat' dir='ltr'>nil</span> <span class='ocrx_word' id='word_1_57' title='bbox 933 1006 1011 1072; x_wconf 88' lang='lat' dir='ltr'>dans</span> <span class='ocrx_word' id='word_1_58' title='bbox 1024 1007 1088 1072; x_wconf 89' lang='lat' dir='ltr'>nisi</span> <span class='ocrx_word' id='word_1_59' title='bbox 1101 1029 1198 1072; x_wconf 83' lang='lat' dir='ltr'>vana:</span> 
     </span>
    </p>

    <p class='ocr_par' dir='ltr' id='par_1_8' title="bbox 180 1097 916 1251">
     <span class='ocr_line' id='line_1_11' title="bbox 244 1097 916 1182; baseline -0.001 -20"><span class='ocrx_word' id='word_1_60' title='bbox 244 1098 377 1163; x_wconf 75' lang='lat' dir='ltr'>‘effioiar</span> <span class='ocrx_word' id='word_1_61' title='bbox 400 1098 524 1182; x_wconf 86' lang='lat' dir='ltr'>Davus,</span> <span class='ocrx_word' id='word_1_62' title='bbox 545 1119 606 1162; x_wconf 88' lang='lat' dir='ltr'>nee</span> <span class='ocrx_word' id='word_1_63' title='bbox 627 1097 691 1162; x_wconf 88' lang='lat' dir='ltr'>nisi</span> <span class='ocrx_word' id='word_1_64' title='bbox 714 1117 796 1162; x_wconf 85' lang='lat' dir='ltr'>vana</span> <span class='ocrx_word' id='word_1_65' title='bbox 819 1097 916 1161; x_wconf 90' lang='lat' dir='ltr'>dabo&#39;</span> 
     </span>
     <span class='ocr_line' id='line_1_12' title="bbox 180 1184 397 1251; baseline 0.009 -2"><span class='ocrx_word' id='word_1_66' title='bbox 180 1184 258 1250; x_wconf 90' lang='lat' dir='ltr'>ibid.</span> <span class='ocrx_word' id='word_1_67' title='bbox 281 1208 310 1250; x_wconf 76' lang='lat' dir='ltr'>v,</span> <span class='ocrx_word' id='word_1_68' title='bbox 334 1189 397 1251; x_wconf 92' lang='grc'>221</span> 
     </span>
    </p>

    <p class='ocr_par' dir='ltr' id='par_1_9' title="bbox 181 1271 1094 1448">
     <span class='ocr_line' id='line_1_13' title="bbox 248 1271 1094 1359; baseline -0.001 -20"><span class='ocrx_word' id='word_1_69' title='bbox 248 1273 365 1339; x_wconf 69' lang='lat' dir='ltr'>‘Birria</span> <span class='ocrx_word' id='word_1_70' title='bbox 386 1296 453 1339; x_wconf 94' lang='lat' dir='ltr'>non</span> <span class='ocrx_word' id='word_1_71' title='bbox 475 1274 577 1359; x_wconf 84' lang='lat' dir='ltr'>dieor,</span> <span class='ocrx_word' id='word_1_72' title='bbox 601 1273 677 1358; x_wconf 92' lang='lat' dir='ltr'>quia</span> <span class='ocrx_word' id='word_1_73' title='bbox 699 1274 750 1338; x_wconf 89' lang='lat' dir='ltr'>vir</span> <span class='ocrx_word' id='word_1_74' title='bbox 772 1272 894 1338; x_wconf 88' lang='lat' dir='ltr'>derisor</span> <span class='ocrx_word' id='word_1_75' title='bbox 917 1271 1094 1338; x_wconf 87' lang='lat' dir='ltr'>amantum’</span> 
     </span>
     <span class='ocr_line' id='line_1_14' title="bbox 181 1362 597 1448; baseline -0.002 -20"><span class='ocrx_word' id='word_1_76' title='bbox 181 1384 261 1428; x_wconf 86' lang='lat' dir='ltr'>eom.</span> <span class='ocrx_word' id='word_1_77' title='bbox 284 1362 405 1448; x_wconf 81' lang='lat' dir='ltr'>Lydiae</span> <span class='ocrx_word' id='word_1_78' title='bbox 428 1386 456 1427; x_wconf 85' lang='lat' dir='ltr'>v.</span> <span class='ocrx_word' id='word_1_79' title='bbox 477 1365 541 1430; x_wconf 82' lang='lat'>156</span> <span class='ocrx_word' id='word_1_80' title='bbox 551 1386 597 1448; x_wconf 88' lang='lat' dir='ltr'>sq.</span> 
     </span>
    </p>

    <p class='ocr_par' dir='ltr' id='par_1_10' title="bbox 391 1450 1063 1537">
     <span class='ocr_line' id='line_1_15' title="bbox 391 1450 1063 1537; baseline -0.003 -21"><span class='ocrx_word' id='word_1_81' title='bbox 391 1504 419 1516; x_wconf 92' lang='lat'>..</span> <span class='ocrx_word' id='word_1_82' title='bbox 440 1453 523 1518; x_wconf 87' lang='lat' dir='ltr'>‘sum</span> <span class='ocrx_word' id='word_1_83' title='bbox 546 1453 663 1537; x_wconf 84' lang='lat' dir='ltr'>Lusca,</span> <span class='ocrx_word' id='word_1_84' title='bbox 685 1451 838 1536; x_wconf 72' lang='lat' dir='ltr'>laneaque</span> <span class='ocrx_word' id='word_1_85' title='bbox 862 1450 931 1515; x_wconf 88' lang='lat' dir='ltr'>iure</span> <span class='ocrx_word' id='word_1_86' title='bbox 954 1472 1063 1515; x_wconf 87' lang='lat' dir='ltr'>voeor:</span> 
     </span>
    </p>

    <p class='ocr_par' dir='ltr' id='par_1_11' title="bbox 181 1539 1117 1696">
     <span class='ocr_line' id='line_1_16' title="bbox 292 1539 1117 1624; baseline 0 -21"><span class='ocrx_word' id='word_1_87' title='bbox 292 1563 311 1603; x_wconf 88' lang='lat' dir='ltr'>a</span> <span class='ocrx_word' id='word_1_88' title='bbox 335 1541 433 1606; x_wconf 85' lang='lat' dir='ltr'>simili</span> <span class='ocrx_word' id='word_1_89' title='bbox 456 1541 536 1605; x_wconf 92' lang='lat' dir='ltr'>mihi</span> <span class='ocrx_word' id='word_1_90' title='bbox 559 1563 678 1606; x_wconf 92' lang='lat' dir='ltr'>nomen</span> <span class='ocrx_word' id='word_1_91' title='bbox 700 1540 791 1605; x_wconf 86' lang='lat' dir='ltr'>adest</span> <span class='ocrx_word' id='word_1_92' title='bbox 815 1560 973 1623; x_wconf 90' lang='lat' dir='ltr'>omenque</span> <span class='ocrx_word' id='word_1_93' title='bbox 997 1539 1117 1624; x_wconf 83' lang='lat' dir='ltr'>figurat</span> 
     </span>
     <span class='ocr_line' id='line_1_17' title="bbox 181 1629 576 1696; baseline 0 -2"><span class='ocrx_word' id='word_1_94' title='bbox 181 1651 260 1694; x_wconf 84' lang='lat' dir='ltr'>eom.</span> <span class='ocrx_word' id='word_1_95' title='bbox 283 1629 441 1694; x_wconf 90' lang='lat' dir='ltr'>Babionis</span> <span class='ocrx_word' id='word_1_96' title='bbox 463 1652 491 1694; x_wconf 88' lang='lat' dir='ltr'>v.</span> <span class='ocrx_word' id='word_1_97' title='bbox 511 1631 576 1696; x_wconf 82' lang='grc'>256</span> 
     </span>
    </p>

    <p class='ocr_par' dir='ltr' id='par_1_12' title="bbox 180 1715 1000 1870">
     <span class='ocr_line' id='line_1_18' title="bbox 247 1715 1000 1801; baseline -0.001 -20"><span class='ocrx_word' id='word_1_98' title='bbox 247 1717 363 1781; x_wconf 75' lang='lat' dir='ltr'>‘Babio</span> <span class='ocrx_word' id='word_1_99' title='bbox 388 1739 517 1800; x_wconf 84' lang='lat' dir='ltr'>semper</span> <span class='ocrx_word' id='word_1_100' title='bbox 539 1717 602 1781; x_wconf 89' lang='lat' dir='ltr'>eris</span> <span class='ocrx_word' id='word_1_101' title='bbox 625 1717 739 1801; x_wconf 87' lang='lat' dir='ltr'>virque</span> <span class='ocrx_word' id='word_1_102' title='bbox 763 1716 901 1781; x_wconf 83' lang='lat' dir='ltr'>bovinus</span> <span class='ocrx_word' id='word_1_103' title='bbox 925 1715 1000 1780; x_wconf 87' lang='lat' dir='ltr'>erit&#39;</span> 
     </span>
     <span class='ocr_line' id='line_1_19' title="bbox 180 1804 439 1870; baseline 0.008 -2"><span class='ocrx_word' id='word_1_104' title='bbox 180 1804 302 1869; x_wconf 90' lang='lat' dir='ltr'>ibidem</span> <span class='ocrx_word' id='word_1_105' title='bbox 324 1827 353 1868; x_wconf 84' lang='lat' dir='ltr'>v.</span> <span class='ocrx_word' id='word_1_106' title='bbox 373 1807 439 1870; x_wconf 80' lang='grc'>274</span> 
     </span>
    </p>

    <p class='ocr_par' dir='ltr' id='par_1_13' title="bbox 181 1891 1104 2048">
     <span class='ocr_line' id='line_1_20' title="bbox 250 1891 1104 1979; baseline 0 -21"><span class='ocrx_word' id='word_1_107' title='bbox 250 1893 323 1958; x_wconf 86' lang='lat' dir='ltr'>‘soit</span> <span class='ocrx_word' id='word_1_108' title='bbox 345 1914 450 1978; x_wconf 89' lang='lat' dir='ltr'>neque</span> <span class='ocrx_word' id='word_1_109' title='bbox 475 1894 520 1959; x_wconf 94' lang='lat' dir='ltr'>bu</span> <span class='ocrx_word' id='word_1_110' title='bbox 542 1915 647 1978; x_wconf 88' lang='lat' dir='ltr'>neque</span> <span class='ocrx_word' id='word_1_111' title='bbox 671 1894 713 1958; x_wconf 93' lang='lat' dir='ltr'>ba</span> <span class='ocrx_word' id='word_1_112' title='bbox 735 1893 840 1958; x_wconf 92' lang='lat' dir='ltr'>Babio</span> <span class='ocrx_word' id='word_1_113' title='bbox 863 1892 975 1979; x_wconf 84' lang='lat' dir='ltr'>lingua</span> <span class='ocrx_word' id='word_1_114' title='bbox 999 1891 1104 1958; x_wconf 89' lang='lat' dir='ltr'>bovis&#39;</span> 
     </span>
     <span class='ocr_line' id='line_1_21' title="bbox 181 1980 639 2048; baseline 0.007 -3"><span class='ocrx_word' id='word_1_115' title='bbox 181 1980 219 2046; x_wconf 93' lang='lat' dir='ltr'>de</span> <span class='ocrx_word' id='word_1_116' title='bbox 242 1981 332 2047; x_wconf 86' lang='lat' dir='ltr'>Paul.</span> <span class='ocrx_word' id='word_1_117' title='bbox 357 1987 390 2046; x_wconf 91' lang='lat' dir='ltr'>et</span> <span class='ocrx_word' id='word_1_118' title='bbox 412 1982 505 2047; x_wconf 86' lang='lat' dir='ltr'>Polla</span> <span class='ocrx_word' id='word_1_119' title='bbox 527 2006 555 2047; x_wconf 88' lang='lat' dir='ltr'>v.</span> <span class='ocrx_word' id='word_1_120' title='bbox 574 1985 639 2048; x_wconf 88' lang='grc'>411</span> 
     </span>
    </p>

    <p class='ocr_par' dir='ltr' id='par_1_14' title="bbox 178 2069 1199 2421">
     <span class='ocr_line' id='line_1_22' title="bbox 248 2069 1157 2156; baseline -0.001 -20"><span class='ocrx_word' id='word_1_121' title='bbox 248 2071 389 2136; x_wconf 82' lang='lat' dir='ltr'>‘nomine</span> <span class='ocrx_word' id='word_1_122' title='bbox 412 2071 505 2136; x_wconf 92' lang='lat' dir='ltr'>Polla</span> <span class='ocrx_word' id='word_1_123' title='bbox 527 2093 637 2156; x_wconf 82' lang='lat' dir='ltr'>vocor,</span> <span class='ocrx_word' id='word_1_124' title='bbox 661 2070 737 2155; x_wconf 90' lang='lat' dir='ltr'>quia</span> <span class='ocrx_word' id='word_1_125' title='bbox 760 2070 868 2155; x_wconf 89' lang='lat' dir='ltr'>polleo</span> <span class='ocrx_word' id='word_1_126' title='bbox 892 2070 1038 2136; x_wconf 88' lang='lat' dir='ltr'>moribus</span> <span class='ocrx_word' id='word_1_127' title='bbox 1061 2069 1157 2135; x_wconf 85' lang='lat' dir='ltr'>altis’.</span> 
     </span>
     <span class='ocr_line' id='line_1_23' title="bbox 179 2157 1197 2244; baseline -0.003 -19"><span class='ocrx_word' id='word_1_128' title='bbox 179 2158 294 2244; x_wconf 90' lang='lat' dir='ltr'>Neque</span> <span class='ocrx_word' id='word_1_129' title='bbox 323 2160 417 2224; x_wconf 89' lang='lat' dir='ltr'>aliter</span> <span class='ocrx_word' id='word_1_130' title='bbox 444 2181 463 2224; x_wconf 94' lang='lat' dir='ltr'>a</span> <span class='ocrx_word' id='word_1_131' title='bbox 491 2159 650 2225; x_wconf 80' lang='lat' dir='ltr'>Guilelmo</span> <span class='ocrx_word' id='word_1_132' title='bbox 678 2159 855 2224; x_wconf 84' lang='lat' dir='ltr'>formatum</span> <span class='ocrx_word' id='word_1_133' title='bbox 881 2158 1027 2224; x_wconf 87' lang='lat' dir='ltr'>videmus</span> <span class='ocrx_word' id='word_1_134' title='bbox 1055 2157 1197 2243; x_wconf 86' lang='lat' dir='ltr'>Spuroae</span> 
     </span>
     <span class='ocr_line' id='line_1_24' title="bbox 178 2246 1199 2334; baseline 0 -22"><span class='ocrx_word' id='word_1_135' title='bbox 178 2270 310 2332; x_wconf 86' lang='lat' dir='ltr'>nomen,</span> <span class='ocrx_word' id='word_1_136' title='bbox 333 2253 370 2312; x_wconf 90' lang='lat' dir='ltr'>ut</span> <span class='ocrx_word' id='word_1_137' title='bbox 393 2271 499 2314; x_wconf 88' lang='lat' dir='ltr'>mores</span> <span class='ocrx_word' id='word_1_138' title='bbox 522 2253 555 2313; x_wconf 89' lang='lat' dir='ltr'>et</span> <span class='ocrx_word' id='word_1_139' title='bbox 578 2248 745 2334; x_wconf 88' lang='lat' dir='ltr'>ingenium</span> <span class='ocrx_word' id='word_1_140' title='bbox 767 2246 912 2312; x_wconf 89' lang='lat' dir='ltr'>mulieris</span> <span class='ocrx_word' id='word_1_141' title='bbox 931 2247 1199 2333; x_wconf 76' lang='lat' dir='ltr'>describerentur,</span> 
     </span>
     <span class='ocr_line' id='line_1_25' title="bbox 179 2335 485 2421; baseline 0.003 -20"><span class='ocrx_word' id='word_1_142' title='bbox 179 2337 218 2401; x_wconf 85' lang='lat' dir='ltr'>ef.</span> <span class='ocrx_word' id='word_1_143' title='bbox 237 2336 331 2401; x_wconf 88' lang='lat' dir='ltr'>Mart.</span> <span class='ocrx_word' id='word_1_144' title='bbox 350 2335 375 2421; x_wconf 87' lang='lat' dir='ltr'>I,</span> <span class='ocrx_word' id='word_1_145' title='bbox 395 2338 446 2421; x_wconf 77' lang='lat'>34,</span> <span class='ocrx_word' id='word_1_146' title='bbox 466 2339 485 2402; x_wconf 89' lang='lat'><em>8</em></span> 
     </span>
    </p>

    <p class='ocr_par' dir='ltr' id='par_1_15' title="bbox 247 2423 1062 2508">
     <span class='ocr_line' id='line_1_26' title="bbox 247 2423 1062 2508; baseline 0.002 -20"><span class='ocrx_word' id='word_1_147' title='bbox 247 2423 461 2489; x_wconf 77' lang='lat' dir='ltr'>‘abscondunt</span> <span class='ocrx_word' id='word_1_148' title='bbox 485 2446 644 2508; x_wconf 83' lang='lat' dir='ltr'>spurcas</span> <span class='ocrx_word' id='word_1_149' title='bbox 668 2429 701 2489; x_wconf 91' lang='lat' dir='ltr'>et</span> <span class='ocrx_word' id='word_1_150' title='bbox 724 2423 924 2490; x_wconf 89' lang='lat' dir='ltr'>monimenta</span> <span class='ocrx_word' id='word_1_151' title='bbox 947 2424 1062 2508; x_wconf 89' lang='lat' dir='ltr'>lupas&#39;.</span> 
     </span>
    </p>

    <p class='ocr_par' dir='ltr' id='par_1_16' title="bbox 177 2511 1199 3572">
     <span class='ocr_line' id='line_1_27' title="bbox 268 2511 1197 2600; baseline 0.001 -23"><span class='ocrx_word' id='word_1_152' title='bbox 268 2511 306 2577; x_wconf 92' lang='lat' dir='ltr'>In</span> <span class='ocrx_word' id='word_1_153' title='bbox 320 2512 481 2597; x_wconf 85' lang='lat' dir='ltr'>omnibus,</span> <span class='ocrx_word' id='word_1_154' title='bbox 499 2535 581 2598; x_wconf 89' lang='lat' dir='ltr'>quae</span> <span class='ocrx_word' id='word_1_155' title='bbox 596 2513 636 2576; x_wconf 89' lang='lat' dir='ltr'>ad</span> <span class='ocrx_word' id='word_1_156' title='bbox 649 2535 752 2600; x_wconf 86' lang='lat' dir='ltr'>genus</span> <span class='ocrx_word' id='word_1_157' title='bbox 768 2513 933 2597; x_wconf 87' lang='lat' dir='ltr'>poeticum</span> <span class='ocrx_word' id='word_1_158' title='bbox 948 2517 981 2577; x_wconf 93' lang='lat' dir='ltr'>et</span> <span class='ocrx_word' id='word_1_159' title='bbox 994 2513 1132 2578; x_wconf 84' lang='lat' dir='ltr'>formam</span> <span class='ocrx_word' id='word_1_160' title='bbox 1147 2533 1197 2578; x_wconf 84' lang='lat' dir='ltr'>eo-</span> 
     </span>
     <span class='ocr_line' id='line_1_28' title="bbox 178 2600 1199 2686; baseline 0 -21"><span class='ocrx_word' id='word_1_161' title='bbox 178 2601 323 2666; x_wconf 89' lang='lat' dir='ltr'>moediae</span> <span class='ocrx_word' id='word_1_162' title='bbox 341 2601 516 2685; x_wconf 71' lang='lat' dir='ltr'>pertinent,</span> <span class='ocrx_word' id='word_1_163' title='bbox 535 2600 731 2667; x_wconf 81' lang='lat' dir='ltr'>Guilelmum</span> <span class='ocrx_word' id='word_1_164' title='bbox 745 2602 885 2686; x_wconf 88' lang='lat' dir='ltr'>pendere</span> <span class='ocrx_word' id='word_1_165' title='bbox 900 2623 940 2666; x_wconf 86' lang='lat' dir='ltr'>ex</span> <span class='ocrx_word' id='word_1_166' title='bbox 959 2601 1008 2686; x_wconf 86' lang='lat' dir='ltr'>iis,</span> <span class='ocrx_word' id='word_1_167' title='bbox 1027 2601 1083 2686; x_wconf 94' lang='lat' dir='ltr'>qui</span> <span class='ocrx_word' id='word_1_168' title='bbox 1102 2605 1199 2666; x_wconf 88' lang='lat' dir='ltr'>antea</span> 
     </span>
     <span class='ocr_line' id='line_1_29' title="bbox 179 2689 1197 2777; baseline 0 -23"><span class='ocrx_word' id='word_1_169' title='bbox 179 2689 220 2754; x_wconf 91' lang='lat' dir='ltr'>ad</span> <span class='ocrx_word' id='word_1_170' title='bbox 242 2689 327 2755; x_wconf 91' lang='lat' dir='ltr'>idem</span> <span class='ocrx_word' id='word_1_171' title='bbox 351 2690 512 2756; x_wconf 78' lang='lat' dir='ltr'>scribendi</span> <span class='ocrx_word' id='word_1_172' title='bbox 535 2713 638 2777; x_wconf 87' lang='lat' dir='ltr'>genus</span> <span class='ocrx_word' id='word_1_173' title='bbox 661 2714 696 2755; x_wconf 88' lang='lat' dir='ltr'>se</span> <span class='ocrx_word' id='word_1_174' title='bbox 719 2694 895 2774; x_wconf 89' lang='lat' dir='ltr'>verterant,</span> <span class='ocrx_word' id='word_1_175' title='bbox 922 2690 1119 2775; x_wconf 84' lang='lat' dir='ltr'>notavimus,</span> <span class='ocrx_word' id='word_1_176' title='bbox 1147 2711 1197 2754; x_wconf 86' lang='lat' dir='ltr'>ae-</span> 
     </span>
     <span class='ocr_line' id='line_1_30' title="bbox 179 2778 1198 2863; baseline 0 -19"><span class='ocrx_word' id='word_1_177' title='bbox 179 2778 322 2845; x_wconf 84' lang='lat' dir='ltr'>auratius</span> <span class='ocrx_word' id='word_1_178' title='bbox 344 2801 420 2845; x_wconf 82' lang='lat' dir='ltr'>vero</span> <span class='ocrx_word' id='word_1_179' title='bbox 440 2779 680 2844; x_wconf 87' lang='lat' dir='ltr'>demonstratur</span> <span class='ocrx_word' id='word_1_180' title='bbox 698 2779 893 2863; x_wconf 79' lang='lat' dir='ltr'>comparatis</span> <span class='ocrx_word' id='word_1_181' title='bbox 911 2778 997 2843; x_wconf 89' lang='lat' dir='ltr'>inter</span> <span class='ocrx_word' id='word_1_182' title='bbox 1015 2801 1049 2844; x_wconf 91' lang='lat' dir='ltr'>se</span> <span class='ocrx_word' id='word_1_183' title='bbox 1064 2784 1097 2844; x_wconf 91' lang='lat' dir='ltr'>et</span> <span class='ocrx_word' id='word_1_184' title='bbox 1111 2779 1198 2862; x_wconf 88' lang='lat' dir='ltr'>prio-</span> 
     </span>
     <span class='ocr_line' id='line_1_31' title="bbox 178 2867 1197 2952; baseline 0 -20"><span class='ocrx_word' id='word_1_185' title='bbox 178 2890 252 2932; x_wconf 88' lang='lat' dir='ltr'>rum</span> <span class='ocrx_word' id='word_1_186' title='bbox 275 2872 446 2952; x_wconf 88' lang='lat' dir='ltr'>poetarum</span> <span class='ocrx_word' id='word_1_187' title='bbox 473 2868 646 2934; x_wconf 85' lang='lat' dir='ltr'>comoediis</span> <span class='ocrx_word' id='word_1_188' title='bbox 674 2873 706 2932; x_wconf 89' lang='lat' dir='ltr'>et</span> <span class='ocrx_word' id='word_1_189' title='bbox 729 2867 820 2933; x_wconf 81' lang='lat' dir='ltr'>Alda.</span> <span class='ocrx_word' id='word_1_190' title='bbox 862 2867 973 2932; x_wconf 80' lang='lat' dir='ltr'>Talem</span> <span class='ocrx_word' id='word_1_191' title='bbox 1001 2871 1110 2933; x_wconf 89' lang='lat' dir='ltr'>autem</span> <span class='ocrx_word' id='word_1_192' title='bbox 1135 2867 1197 2932; x_wconf 90' lang='lat' dir='ltr'>dis·</span> 
     </span>
     <span class='ocr_line' id='line_1_32' title="bbox 181 2956 1196 3041; baseline 0.001 -22"><span class='ocrx_word' id='word_1_193' title='bbox 181 2956 389 3040; x_wconf 88' lang='lat' dir='ltr'>quisitionem</span> <span class='ocrx_word' id='word_1_194' title='bbox 411 2978 478 3020; x_wconf 92' lang='lat' dir='ltr'>non</span> <span class='ocrx_word' id='word_1_195' title='bbox 501 2957 588 3021; x_wconf 91' lang='lat' dir='ltr'>omni</span> <span class='ocrx_word' id='word_1_196' title='bbox 612 2957 721 3022; x_wconf 80' lang='lat' dir='ltr'>fructu</span> <span class='ocrx_word' id='word_1_197' title='bbox 744 2978 850 3020; x_wconf 84' lang='lat' dir='ltr'>carere</span> <span class='ocrx_word' id='word_1_198' title='bbox 873 2960 970 3041; x_wconf 87' lang='lat' dir='ltr'>puto,</span> <span class='ocrx_word' id='word_1_199' title='bbox 996 2979 1069 3021; x_wconf 88' lang='lat' dir='ltr'>eum</span> <span class='ocrx_word' id='word_1_200' title='bbox 1092 2959 1196 3021; x_wconf 87' lang='lat' dir='ltr'>artem</span> 
     </span>
     <span class='ocr_line' id='line_1_33' title="bbox 179 3043 1197 3130; baseline 0 -22"><span class='ocrx_word' id='word_1_201' title='bbox 179 3043 347 3128; x_wconf 81' lang='lat' dir='ltr'>scriptoris</span> <span class='ocrx_word' id='word_1_202' title='bbox 380 3049 413 3109; x_wconf 94' lang='lat' dir='ltr'>et</span> <span class='ocrx_word' id='word_1_203' title='bbox 446 3044 659 3110; x_wconf 90' lang='lat' dir='ltr'>eruditionem</span> <span class='ocrx_word' id='word_1_204' title='bbox 691 3049 850 3110; x_wconf 76' lang='lat' dir='ltr'>monstret</span> <span class='ocrx_word' id='word_1_205' title='bbox 882 3048 915 3109; x_wconf 90' lang='lat' dir='ltr'>et</span> <span class='ocrx_word' id='word_1_206' title='bbox 946 3045 986 3108; x_wconf 88' lang='lat' dir='ltr'>ad</span> <span class='ocrx_word' id='word_1_207' title='bbox 1016 3049 1197 3130; x_wconf 83' lang='lat' dir='ltr'>poetarum,</span> 
     </span>
     <span class='ocr_line' id='line_1_34' title="bbox 179 3132 1196 3217; baseline 0.002 -21"><span class='ocrx_word' id='word_1_208' title='bbox 179 3155 260 3217; x_wconf 91' lang='lat' dir='ltr'>quos</span> <span class='ocrx_word' id='word_1_209' title='bbox 279 3133 439 3217; x_wconf 89' lang='lat' dir='ltr'>imitatur,</span> <span class='ocrx_word' id='word_1_210' title='bbox 458 3155 593 3217; x_wconf 91' lang='lat' dir='ltr'>operum</span> <span class='ocrx_word' id='word_1_211' title='bbox 612 3138 742 3217; x_wconf 90' lang='lat' dir='ltr'>tempus</span> <span class='ocrx_word' id='word_1_212' title='bbox 761 3137 794 3197; x_wconf 90' lang='lat' dir='ltr'>et</span> <span class='ocrx_word' id='word_1_213' title='bbox 808 3132 1066 3198; x_wconf 85' lang='lat' dir='ltr'>aestimationem</span> <span class='ocrx_word' id='word_1_214' title='bbox 1079 3132 1196 3198; x_wconf 91' lang='lat' dir='ltr'>melius</span> 
     </span>
     <span class='ocr_line' id='line_1_35' title="bbox 177 3219 1196 3305; baseline 0 -19"><span class='ocrx_word' id='word_1_215' title='bbox 177 3219 337 3287; x_wconf 81' lang='lat' dir='ltr'>noscenda</span> <span class='ocrx_word' id='word_1_216' title='bbox 369 3221 492 3305; x_wconf 87' lang='lat' dir='ltr'>aliquid</span> <span class='ocrx_word' id='word_1_217' title='bbox 524 3223 647 3287; x_wconf 89' lang='lat' dir='ltr'>afferat.</span> <span class='ocrx_word' id='word_1_218' title='bbox 689 3222 793 3299; x_wconf 85' lang='lat' dir='ltr'>Quare</span> <span class='ocrx_word' id='word_1_219' title='bbox 821 3221 1013 3287; x_wconf 89' lang='lat' dir='ltr'>imitationis</span> <span class='ocrx_word' id='word_1_220' title='bbox 1040 3222 1196 3287; x_wconf 88' lang='lat' dir='ltr'>nonnulla</span> 
     </span>
     <span class='ocr_line' id='line_1_36' title="bbox 178 3310 1196 3465; baseline -0.001 -2"><span class='ocrx_word' id='word_1_221' title='bbox 178 3310 593 3463; x_wconf 58' lang='lat' dir='ltr'>speclildidiiiisaddloarirmoedias</span> <span class='ocrx_word' id='word_1_222' title='bbox 617 3398 777 3465; x_wconf 79' lang='lat' dir='ltr'>Guilelmo</span> <span class='ocrx_word' id='word_1_223' title='bbox 799 3398 945 3463; x_wconf 89' lang='lat' dir='ltr'>Blesensi</span> <span class='ocrx_word' id='word_1_224' title='bbox 973 3397 1073 3463; x_wconf 84' lang='lat' dir='ltr'>fuisse</span> <span class='ocrx_word' id='word_1_225' title='bbox 1100 3401 1196 3462; x_wconf 88' lang='lat' dir='ltr'>notas</span> 
     </span>
     <span class='ocr_line' id='line_1_37' title="bbox 177 3486 1195 3572; baseline 0 -21"><span class='ocrx_word' id='word_1_226' title='bbox 177 3486 243 3552; x_wconf 91' lang='lat' dir='ltr'>iam</span> <span class='ocrx_word' id='word_1_227' title='bbox 264 3486 492 3552; x_wconf 86' lang='lat' dir='ltr'>Muellenbaoh</span> <span class='ocrx_word' id='word_1_228' title='bbox 520 3491 553 3551; x_wconf 91' lang='lat' dir='ltr'>et</span> <span class='ocrx_word' id='word_1_229' title='bbox 574 3487 692 3572; x_wconf 88' lang='lat' dir='ltr'>Peiper</span> <span class='ocrx_word' id='word_1_230' title='bbox 721 3488 974 3552; x_wconf 83' lang='lat' dir='ltr'>observaverunt</span> <span class='ocrx_word' id='word_1_231' title='bbox 1001 3490 1034 3550; x_wconf 89' lang='lat' dir='ltr'>et</span> <span class='ocrx_word' id='word_1_232' title='bbox 1061 3507 1195 3551; x_wconf 88' lang='lat' dir='ltr'>revera</span> 
     </span>
    </p>
   </div>
   <div class='ocr_carea' id='block_1_3' title="bbox 1118 1537 1128 1566">
    <p class='ocr_par' dir='ltr' id='par_1_17' title="bbox 1118 1537 1128 1566">
     <span class='ocr_line' id='line_1_38' title="bbox 1118 1537 1128 1566; baseline 0 0"><span class='ocrx_word' id='word_1_233' title='bbox 1118 1537 1128 1566; x_wconf 74' lang='lat'><em>2</em></span> 
     </span>
    </p>
   </div>
   <div class='ocr_carea' id='block_1_4' title="bbox 0 0 1322 3902">
    <p class='ocr_par' dir='ltr' id='par_1_18' title="bbox 0 0 1322 3902">
     <span class='ocr_line' id='line_1_39' title="bbox 0 0 1322 3902; baseline 0 1"><span class='ocrx_word' id='word_1_234' title='bbox 0 0 1322 3902; x_wconf 95' lang='lat' dir='ltr'> </span> 
     </span>
    </p>
   </div>
  </div>
 </body>
</html>
