2634 3902
518 127 764 235 237-

146 331 326 417 posteriore
350 353 386 395 ac
410 331 556 395 breviore
579 327 676 394 huius
700 327 808 412 operis
830 332 932 413 parte,
957 330 1043 414 quod
1066 330 1163 415 scrip-

144 426 216 486 tum
234 420 450 485 videturesse
468 419 508 483 ad
526 419 624 482 finem
638 439 717 482 saec.
732 415 817 502 XIII,
835 416 979 484 Narcissi
998 417 1109 484 fabula
1123 419 1164 482 ad

146 509 332 594 exemplum
347 508 453 573 Ovidii
472 507 562 596 (met.
576 505 632 591 111,
645 509 712 572 402
726 503 811 592 sqq.)
825 511 983 592 narratur,
1001 507 1036 571 in
1055 507 1163 591 priore

146 620 228 684 quae
247 601 428 679 tractantur
446 595 597 661 Guilelmi
615 595 778 660 Blesensis
797 595 980 660 comoediae
1000 595 1164 660 simillima

146 692 237 770 sunt,
259 691 296 750 ut
319 686 354 750 iu
376 685 482 770 patria
505 688 621 769 poetae
645 706 727 768 opus
746 684 816 749 eius
834 687 885 749 tot
903 683 995 749 annis
1014 688 1090 768 post
1107 707 1164 750 no-

144 781 217 840 tum
241 775 341 840 fuisse
367 774 541 838 videamus.
577 772 748 838 Praeterea
776 773 817 837 ab
841 770 942 837 Aldae
971 778 1162 859 argumento

145 887 213 929 non
235 864 332 948 plane
351 863 528 928 abhorrent
547 883 629 946 quae
648 861 853 946 explicantur
871 866 904 925 et
921 862 956 925 in
974 861 1101 948 gallicis
1120 863 1164 926 fa-

146 953 234 1018 bulis
257 952 408 1037 pluribus
436 949 522 1038 (vide
546 950 588 1015 du
611 950 706 1015 Meril
729 952 816 1034 pods.
840 950 923 1014 ined.
946 972 1020 1036 pag.
1040 953 1105 1016 423
1130 955 1162 1014 et

144 1040 465 1125 Dunlop·Liebrecht
480 1038 682 1106 ‘Geschiohte
698 1040 753 1104 der
762 1038 1074 1126 Prosadiohtungen'
1089 1060 1163 1126 pag.

145 1128 228 1217 407)
252 1134 284 1194 et
303 1129 338 1193 in
355 1128 495 1213 Byronis
515 1129 600 1194 ‘Don
618 1127 719 1213 Iuan',
742 1128 798 1192 sed
820 1128 1045 1194 necessitatem
1068 1128 1164 1193 inter-

146 1218 258 1284 cedere
281 1217 367 1282 inter
389 1217 462 1283 illas
486 1221 519 1282 et
537 1215 638 1281 Aldae
658 1217 856 1282 comoediam
878 1239 973 1283 nemo
992 1221 1073 1302 puto
1093 1240 1164 1282 oon-

146 1308 267 1372 tendet.

236 1395 411 1461 Poetarum
429 1393 648 1479 posteriorum
666 1393 806 1458 imitatio
826 1399 859 1457 et
872 1394 1046 1459 verborum
1066 1398 1099 1457 et
1118 1417 1164 1459 ar-

146 1484 308 1572 gumenti,
336 1505 433 1568 quam
460 1483 500 1547 ad
527 1483 626 1547 finem
653 1504 733 1548 saec.
756 1481 833 1546 XIII
860 1482 1022 1567 persecuti
1046 1504 1165 1566 sumus,

146 1597 206 1658 per
225 1574 287 1638 hoo
305 1577 435 1656 tempus
454 1570 652 1637 comoediam
674 1570 773 1636 fuisse
797 1575 968 1654 pernetam
987 1571 1094 1654 docet,
1111 1592 1165 1636 ne-

148 1685 211 1747 que
230 1661 466 1747 posterioribus
485 1660 620 1725 saeculis
640 1660 804 1726 oblivione
824 1682 892 1726 esse
912 1661 1063 1725 obrutam
1082 1681 1165 1725 oom-

147 1751 258 1836 plures
282 1772 362 1815 saec.
376 1749 453 1814 XIV
467 1753 500 1814 et
513 1748 575 1814 XV
597 1749 674 1814 libri
698 1748 933 1834 manuscripti
957 1753 1057 1814 testes
1081 1754 1164 1814 sunt.

145 1839 225 1905 Inde
249 1840 290 1903 ab
314 1839 376 1905 hoc
399 1842 545 1922 tempore
569 1836 727 1922 paulatim
742 1838 931 1903 oblitterata
945 1837 1072 1903 videtur
1087 1861 1166 1923 esse,

147 1952 221 1994 cum
245 1932 402 2013 quantum
421 1927 486 1993 scio
509 1948 687 2010 numquam
711 1927 801 2010 typis
826 1927 925 1992 fuerit
944 1926 1110 2012 impressa,
1133 1931 1166 1992 et

147 2019 182 2082 in
201 2017 474 2082 bibliothecarum
493 2015 619 2080 scriniIs
637 2015 774 2097 latebat,
797 2015 898 2079 donec
910 2018 1022 2079 nostra
1037 2015 1166 2080 demum

148 2110 254 2171 aetate
278 2128 318 2170 ex
341 2106 467 2170 duabus
494 2103 637 2168 innotuit
666 2102 876 2186 editionibus,
905 2124 985 2186 quas
1013 2124 1071 2167 suo
1094 2103 1165 2168 loco

147 2200 204 2260 tan
229 2217 289 2260 am.

206 2217 344 2347 gPauca
366 2281 419 2346 hic
442 2280 616 2367 adiungam
639 2280 677 2344 de
700 2280 892 2366 fragmentis
915 2279 1093 2345 carminum
1111 2278 1166 2343 AI-

148 2373 207 2438 dae
230 2372 364 2437 titulum
386 2369 583 2457 gerentium,
612 2391 692 2454 quae
716 2392 735 2433 a
757 2368 884 2434 Merilio
908 2369 943 2433 in
965 2369 1166 2454 praefatione

148 2460 301 2526 editionis
323 2462 511 2524 tractantur.
554 2457 649 2522 Tanti
672 2462 781 2522 autem
803 2457 866 2544 illi,
889 2458 941 2523 cui
964 2458 1166 2523 Matthaeum

146 2549 418 2616 Vindocincnsem
442 2551 605 2612 auctorem
623 2544 725 2611 Aldae
749 2568 846 2631 quarn
868 2550 1044 2613 tractamus
1066 2547 1166 2612 fuisse

147 2638 216 2704 veri
247 2642 315 2703 erat
347 2635 498 2719 similius,
521 2635 715 2700 videbantur
746 2636 915 2720 momentI,
948 2640 985 2700 ut
1013 2636 1166 2721 reliquias

147 2727 251 2793 Aldae
279 2725 431 2792 Guilelmi
452 2724 616 2789 Blesensis
644 2745 678 2788 se
701 2728 832 2807 putaret
855 2724 1015 2789 invenisse
1023 2723 1057 2810 ¹).
1104 2724 1167 2789 Sed

149 2815 228 2901 quid
255 2815 302 2880 rei
330 2815 373 2879 sit
400 2813 495 2879 modo
523 2813 589 2878 vidi
613 2812 684 2895 ipsa
708 2813 800 2897 quasi
823 2812 1024 2896 inspectione
1048 2812 1166 2877 codicis

147 2904 248 2970 Paris.
270 2904 392 2987 11345,
416 2925 432 2967 e
457 2924 521 2986 quo
539 2900 686 2966 Merilius
708 2901 891 2988 fragmenta
915 2901 1068 2985 sumpsit:
1091 2923 1166 2965 nam

147 3039 362 3049 -ι

223 3115 249 3184 1)
269 3113 324 3168 ‘On
341 3112 480 3182 pourrait’
500 3111 595 3180 inquit
612 3128 677 3182 pag.
692 3118 745 3167 424
766 3114 842 3166 ‘sans
860 3127 915 3166 une
935 3112 1096 3182 conjecture
1115 3129 1167 3182 par

147 3187 213 3256 trop
231 3183 380 3240 temeraire
394 3204 413 3255 y
431 3183 493 3238 voir
512 3183 561 3237 des
580 3185 670 3238 restes
685 3181 720 3237 de
734 3182 763 3236 la
777 3181 890 3237 version
904 3182 939 3237 de
955 3181 1115 3238 Guillaumc
1131 3182 1166 3239 de

147 3255 236 3325 Blois,
255 3255 305 3324 qui
319 3254 413 3310 aurait
425 3253 488 3325 pori
501 3270 608 3310 comme
626 3257 692 3308 tous
707 3269 751 3308 ses
766 3255 861 3308 autres
876 3270 1024 3323 ouvrages:
1046 3253 1073 3309 le
1093 3253 1166 3325 style

149 3344 185 3382 en
202 3328 299 3397 paruit
315 3326 379 3396 plus
399 3326 489 3392 θεῖός
508 3324 535 3380 le
554 3327 605 3379 ton
622 3325 687 3394 plus
705 3340 806 3394 grave,
830 3323 895 3394 plus
918 3325 1110 3394 sententiam,
1137 3328 1167 3380 et

147 3415 203 3453 une
222 3397 311 3452 forme
330 3398 365 3452 de
384 3395 574 3453 versification
593 3395 740 3450 differente
758 3413 794 3451 ne
808 3397 918 3465 permet
930 3412 982 3465 pas
997 3395 1166 3450 d'attribuer

148 3487 195 3524 ces
215 3468 333 3524 extraIts
354 3471 371 3522 a
388 3487 428 3523 un
446 3466 600 3522 manuscrIt
619 3466 654 3520 de
678 3466 993 3537 1‘A1dap1usetendu,
1018 3482 1072 3534 que
1095 3481 1165 3520 ceux

149 3541 198 3610 qui
212 3557 283 3595 nous
298 3541 363 3596 sont
376 3553 525 3610 pervenus.
549 3539 626 3592 Nous
637 3537 758 3592 citerons
773 3536 811 3591 ici
821 3553 929 3592 comme
940 3536 1094 3606 specimen’
1106 3551 1164 3603 eqs.
