2634 3902
537 185 755 249 „13-

138 342 325 427 exemplum
349 364 456 426 suum,
479 343 573 427 quale
596 342 708 428 fuerit,
736 343 898 430 depingit,
924 349 962 409 ut
988 344 1155 412 subtilitas

138 432 210 517 ipsa
234 436 267 496 et
291 431 473 518 diligentia,
500 454 601 516 quam·
625 431 659 496 in
687 432 896 500 describendo
924 432 1087 518 adhibuit,
1114 457 1154 499 ne

137 520 263 586 auctori
282 519 478 605 diffidamus,
501 521 670 586 admovere
687 543 747 586 nos
765 521 890 586 debeat.
926 521 1016 587 Haec
1035 523 1073 587 de
1091 523 1154 588 fide

137 613 254 694 poetae
278 609 438 674 sententia
461 609 657 693 firmabitur,
688 609 716 674 si
745 613 867 674 ceteras
890 610 988 676 medii
1011 611 1081 677 aevi
1104 634 1154 677 co·

138 697 295 781 moedias,
318 719 400 782 quae
424 696 462 761 de
486 697 612 784 origine
637 719 695 762 sua
718 697 841 782 aliquid
864 699 1047 784 proferunt,
1071 723 1154 766 com·

138 786 365 871 paraverimus.
406 785 605 851 Fabularum
637 786 744 851 fontes
774 791 902 870 praeter
929 785 1047 853 Aldam
1074 787 1155 853 indi·

138 878 252 940 cantur
289 875 323 939 in
351 874 471 940 Vitalis
499 873 681 960 Aulularia,
717 875 874 941 Matthaei
906 875 1154 942 Vindocinensis

137 963 273 1046 Milone,
297 963 426 1028 Ricardi
440 962 597 1029 Venusini
618 965 656 1028 de
671 963 807 1028 Paulino
827 968 860 1029 et
873 963 965 1030 Polla
979 965 1153 1031 comoedia.

137 1052 243 1118 Nemo
271 1053 350 1117 dum
378 1051 539 1117 dubitavit
566 1053 605 1117 de
633 1052 695 1117 fide
722 1052 910 1117 Aululariae
937 1053 971 1118 in
1001 1053 1042 1118 iis
1071 1076 1153 1138 quae

138 1142 178 1206 de
196 1140 313 1207 Plauto
333 1141 352 1206 i.
368 1163 393 1205 e.
409 1139 548 1218 Querolo
568 1141 779 1226 explicantur,
797 1145 869 1206 tum
887 1141 1042 1208 Milonem
1067 1142 1154 1227 apud

139 1252 252 1295 omnes
279 1234 406 1296 constat
433 1230 565 1295 fluxisse
589 1253 629 1295 ex
657 1229 766 1315 aliqua
793 1230 1080 1297 innumerabilium
1103 1231 1154 1296 ‘de

140 1319 280 1405 vestigio
307 1319 427 1384 leonis'
442 1317 466 1405 ¹)
494 1318 732 1404 narrationum,
761 1341 842 1404 quae
871 1318 1154 1405 Constantinopoli

137 1407 245 1492 ipsam
268 1407 414 1472 fabulam
442 1411 547 1472 actam
570 1429 639 1472 esse
662 1408 836 1493 notaverit,
866 1408 1002 1493 denique
1025 1408 1154 1473 Paulini

138 1499 172 1560 et
193 1496 304 1561 Pollae
327 1497 408 1580 fata,
436 1517 631 1581 quamquam
653 1495 732 1561 hacc
755 1495 920 1561 comoedia
946 1496 1049 1562 multo
1077 1502 1154 1581 post

137 1585 261 1669 scripta
281 1589 314 1650 et
332 1584 414 1650 alius
433 1584 617 1671 argumenti
635 1585 742 1649 minus
761 1585 824 1650 huc
843 1584 988 1670 quadrat,
1011 1589 1154 1670 aposta,

138 1673 195 1758 qui
213 1674 285 1758 ipse
303 1696 341 1738 ea
358 1674 488 1758 viderit,
508 1696 576 1739 esse
590 1678 720 1738 narrata
733 1677 857 1739 certum
871 1678 929 1738 est.
965 1674 1047 1739 Eius
1066 1674 1154 1739 modi

137 1767 249 1828 autem
267 1762 453 1830 testimonia
472 1764 587 1828 desunt
606 1763 641 1828 in
658 1761 908 1847 Amphitryone,
925 1762 1075 1847 Baucide,
1092 1762 1155 1828 Mi·

140 1851 198 1916 lite
222 1851 378 1938 glorioso,
400 1851 516 1938 Lydia,
542 1851 729 1936 Pamphilo,
755 1851 901 1917 Babione
924 1851 1098 1917 comoediis
1121 1856 1154 1917 et

140 1940 176 2005 in
198 1940 388 2028 tragoediis,
417 1962 497 2024 quae
524 1939 621 2005 nobis
647 1944 744 2005 notae
772 1944 861 2025 sunt,
890 1940 974 2005 unde
1001 1962 1067 2005 non
1094 1962 1155 2005 usu

141 2030 282 2113 quodam
304 2029 484 2094 necessario
503 2033 631 2094 coaetos
649 2033 763 2113 poetas
781 2029 861 2094 haec
878 2029 1069 2094 confinxisse
1093 2029 1156 2093 col·

141 2118 240 2204 ligas,
264 2117 320 2182 sed
344 2117 419 2201 quia
439 2139 520 2201 quae
539 2117 577 2180 de
595 2117 743 2183 fontibus
757 2117 861 2187 dicere
876 2121 1018 2203 possent,
1039 2121 1155 2183 notatu

138 2206 240 2293 digna
262 2205 302 2270 iis
325 2205 526 2270 videbantur.

228 2293 341 2379 Itaque
363 2293 511 2360 nonnulli
534 2294 631 2359 aliam
648 2294 735 2360 riam
752 2293 890 2381 ingressi
903 2295 1000 2360 fidem
1014 2294 1154 2360 auctoris

139 2406 267 2449 servare
290 2388 502 2469 accurateque
520 2384 620 2448 verba
638 2383 845 2467 interpretari
864 2383 971 2449 conati
990 2387 1075 2468 sunt,
1098 2383 1154 2449 sed

139 2473 246 2538 minus
270 2472 420 2557 feliciter,
443 2472 544 2537 veluti
568 2472 611 2536 du
633 2472 737 2558 Meril,
760 2473 836 2538 dum
859 2472 992 2538 titulum
1015 2471 1153 2558 fabulae,

141 2583 238 2646 quam
266 2566 364 2646 poeta
392 2561 590 2645 adhibuerit,
621 2561 800 2628 instaurare
832 2565 972 2646 temptat
998 2562 1153 2627 vertendo

139 2651 239 2715 verba
263 2650 416 2716 ‘mascula
438 2650 543 2737 virgo'
567 2673 584 2715 e
606 2649 707 2715 latina
729 2672 840 2716 rursus
867 2650 902 2715 in
924 2672 1073 2737 graecam
1095 2650 1153 2715 lin·

213 2844 240 2912 1)
258 2842 327 2897 Milo
345 2860 403 2898 non
422 2859 456 2896 ex
474 2857 576 2912 graeca
595 2841 723 2897 versione
741 2841 808 2898 libri
822 2841 982 2910 Sandabad‚
1000 2840 1046 2897 cui
1060 2843 1105 2896 est
1117 2841 1153 2897 ti·

139 2909 218 2965 tulus
233 2915 384 2981 Συντίπας,
403 2913 542 2984 originem
560 2914 662 2968 ducere
680 2913 785 2983 potuit,
806 2913 882 2982 quod
899 2912 996 2984 posuit
1013 2913 1151 2969 Muellen-

139 2981 213 3036 bach
228 2986 304 3052 (pag.
320 2988 378 3054 16);
394 2983 434 3040 ibi
448 2984 524 3040 enim
537 3000 587 3039 rex
600 2984 736 3055 relinquit
750 2985 826 3054 apud
840 2984 961 3040 amicam
979 2985 1104 3052 anulum,
1122 2984 1154 3039 in

140 3052 246 3108 Milone
260 3056 359 3135 cenna
374 3057 434 3137 ‘rex
448 3055 510 3110 abit
522 3055 627 3112 oblitus
638 3056 787 3116 solearum‘
799 3055 845 3128 (cf.
855 3074 899 3138 yv.
909 3062 958 3112 141
970 3058 999 3137 et
1010 3062 1060 3111 149
1071 3058 1152 3137 sqq),

137 3126 425 3251 arnimar:
444 3126 580 3279 darili
593 3127 830 3268 titianae·
843 3142 1046 3279 ‹tatt‘rtt
1057 3127 1154 3252 tar:

137 3268 263 3350 merone’
287 3283 353 3337 pag.
375 3271 419 3330 15)
443 3271 472 3324 et
494 3286 525 3323 rn
547 3268 646 3324 multis
669 3268 782 3351 fabellis
806 3268 931 3338 gallicis,
954 3283 1025 3337 quas
1049 3267 1153 3323 allatas

137 3337 968 3481 tlitttftdttbitttitillantur?
981 3340 1074 3465 ⁸335?
1086 3357 1124 3409 ¹³⁸
1146 3382 1152 3396 ·

140 3479 290 3537 deutscher
303 3481 473 3553 Philologen
487 3502 514 3538 n.
531 3470 733 3537 Schulmtnner
748 3499 782 3536 zu
796 3480 931 3537 Rostock'
947 3497 1014 3551 pag.
1028 3484 1083 3548 61),
1103 3479 1153 3548 qui

136 3553 168 3606 et
185 3551 288 3622 Apulei
310 3553 368 3626 (IX,
385 3557 501 3624 17—21)
521 3555 550 3608 et
567 3551 740 3609 Aristaeneti
755 3554 810 3623 (ep.
824 3553 846 3621 Ι,
861 3553 888 3622 t)
906 3551 983 3607 locos
996 3551 1152 3619 comparat.
