2634 3902
537 148 756 212 „23-

140 307 248 374 tecto'.
271 306 504 373 Vetustissima
515 327 634 388 earum,
645 327 725 389 quae
736 302 866 388 quidem
874 307 971 368 notae
981 307 1056 368 sunt
1066 302 1154 391 (vide

141 397 251 464 Gassel
276 419 350 482 pag.
368 397 411 462 60
430 399 463 460 et
477 392 558 480 300)
583 394 671 458 illius
694 392 772 458 libri
798 391 944 457 versione
970 391 1154 458 continetur

139 486 305 570 hebraica,
329 483 380 550 cui
404 488 453 550 est
476 482 592 548 titulus
615 491 743 550 *lutt'ltb
762 474 861 565 ton,
884 481 974 546 deest
996 481 1031 546 in
1053 481 1154 546 omni-

141 576 204 640 bus
218 573 352 658 reliquis
366 568 610 657 versionibus).
640 571 733 636 Hanc
746 570 973 655 narrationem,
987 574 1024 636 ut
1038 570 1153 635 melius

141 686 205 748 qua
228 663 353 728 ratione
377 683 450 728 cum
468 660 552 726 Alda
570 660 741 726 coniuncta
759 658 811 741 sit,
834 658 1059 744 perspiciatur,
1082 659 1153 722 bre-

139 753 224 818 viter
247 751 513 835 comprehensam
540 770 702 834 apponere
730 747 810 812 mibi
837 747 940 812 liceat.
982 747 1154 812 ‘Mercator

141 863 239 906 senex
263 839 325 928 (ita
347 841 414 904 fere
437 841 546 904 narrat
569 837 640 925 regi
663 836 860 921 sapientium
885 834 1058 921 septimus)
1086 858 1154 900 mu-

138 930 252 995 lierem
276 928 422 1014 corporis
442 927 549 992 nitore
572 929 604 992 et
628 925 845 1010 pulcritudine
870 924 935 990 oris
959 924 1154 990 eminentem

139 1019 174 1082 in
197 1017 439 1083 matrimonium
457 1017 601 1082 duxerat.
639 1014 741 1092 Quam
760 1013 917 1078 desiderio
937 1017 1052 1097 eaptus
1070 1034 1154 1077 ama-

138 1108 197 1172 bat
216 1107 410 1192 adulescens,
429 1106 486 1170 sed
504 1107 633 1188 frustra,
650 1125 727 1170 nam
745 1125 764 1168 a
782 1124 903 1187 sponso
917 1101 1044 1167 aemulo
1059 1101 1153 1166 anxie

137 1195 489 1268 custodiebaturuxor.
526 1192 669 1258 Tandem
688 1215 768 1258 anus
786 1195 895 1258 astuta
912 1191 1021 1256 iuveni
1036 1190 1071 1255 in
1086 1190 1154 1255 dies

138 1283 381 1348 contabescenti
405 1282 562 1348 auxilium
584 1280 675 1365 tulit,
703 1303 776 1345 cum
803 1281 941 1345 barbam
963 1279 1096 1346 tondere
1121 1283 1153 1343 et

137 1375 228 1435 veste
256 1392 293 1434 ac
319 1371 386 1435 rica
413 1369 629 1434 muliebribus
655 1368 746 1434 indui
774 1391 847 1434 eum
875 1368 984 1451 iussit,
1011 1373 1048 1433 ut
1078 1367 1153 1432 talis

138 1459 174 1524 in
197 1459 328 1524 domum
346 1457 533 1524 mercatoris
552 1457 764 1521 induceretur.
802 1456 885 1520 Tum
899 1456 1062 1521 adsonem
1081 1477 1154 1539 pro-

138 1570 263 1634 gressa,
287 1551 324 1612 ut
345 1547 446 1612 filiam
465 1545 558 1612 uxori
578 1545 647 1610 eius
666 1544 801 1629 pudicae
815 1544 941 1608 tradere
955 1544 1019 1609 sibi
1033 1545 1155 1627 liceret,

139 1636 269 1721 petivit,
297 1635 383 1720 quod
410 1635 483 1719 ipsa
509 1635 545 1698 in
571 1635 686 1698 urbem
714 1633 919 1719 peregrinam
947 1638 1032 1698 esset
1059 1633 1152 1697 itura.

137 1724 271 1789 Blandis
293 1724 402 1790 verbis
425 1727 605 1788 commotus
628 1744 727 1787 senex
750 1721 902 1807 precibus
930 1721 1017 1787 illius
1041 1721 1153 1786 adnuit

139 1818 172 1878 et
195 1813 318 1878 aditum
342 1811 489 1897 permisit
512 1811 631 1898 virgini
661 1811 842 1894 simulatae,
871 1833 952 1895 quae
975 1815 1152 1876 mercatore

138 1924 274 1989 peregre
292 1902 439 1987 profecto
459 1923 532 1966 cum
551 1900 684 1965 muliere
703 1904 809 1964 emata
828 1900 948 1964 multos
967 1900 1035 1964 dies
1054 1900 1152 1986 degit.

139 1991 258 2075 Quare,
282 1990 411 2075 sapiens
434 1990 636 2074 adhortatur,
661 2010 736 2054 cave
760 1988 932 2054 mulierum
956 1989 1066 2053 dolos'.

227 2079 317 2144 Inter
337 2080 421 2143 hanc
442 2078 660 2143 narrationem
680 2081 712 2141 et
729 2075 831 2142 Aldae
851 2077 1049 2142 comoediam
1068 2076 1153 2142 simi-

137 2168 310 2232 litudinem
330 2161 488 2252 quandam
503 2166 700 2232 intercedere
714 2187 810 2232 nemo
824 2165 969 2251 negabit,
988 2165 1043 2230 sed
1059 2187 1152 2250 quae-

138 2257 234 2342 ritur,
262 2254 423 2340 quomodo
451 2255 536 2320 inter
564 2277 597 2319 se
621 2255 821 2320 cohaereant.
863 2253 1024 2319 Hebraico
1046 2254 1151 2334 versio

138 2367 212 2410 eum
235 2346 276 2409 ad
293 2345 417 2410 fontem
437 2347 551 2429 quarto
569 2344 636 2408 fere
651 2367 682 2428 p.
698 2341 770 2408 Chr.
784 2367 814 2407 n.
830 2343 956 2408 saeculo
970 2343 1005 2406 in
1020 2341 1152 2408 Graecia

138 2439 195 2499 aut
213 2433 307 2518 Syria
326 2433 540 2517 compositum
560 2433 669 2496 redeat
688 2430 774 2519 (vide
794 2430 902 2496 Caesel
920 2454 994 2518 pag.
1010 2435 1062 2515 63,
1077 2434 1152 2516 303,

138 2525 213 2605 305,
232 2520 323 2609 310),
345 2522 393 2586 ibi
416 2520 565 2586 interseri
588 2520 698 2605 potuit
715 2521 795 2585 haec
812 2520 954 2585 narratio
969 2542 1009 2584 ex
1022 2520 1152 2584 Menan-

137 2611 187 2676 dri
211 2611 383 2676 comoedia.
421 2608 559 2674 Omnino
583 2610 624 2674 ed
647 2609 780 2674 orientis
798 2609 924 2674 litteras
943 2609 1083 2674 multum
1100 2632 1152 2674 va-

211 2804 238 2873 1)
255 2803 328 2858 Vide
346 2791 473 2870 tabulas,
493 2817 564 2870 quas
578 2815 761 2872 composuere
776 2799 905 2924 Casselp

138 2889 188 2926 cus
197 2872 312 2926 Landau
325 2872 454 2938 ‘Quellen
464 2872 513 2928 des
524 2873 648 2927 Decam’
660 2871 691 2925 in
705 2871 872 2941 appendice;
906 2889 969 2926 urus
983 2870 1049 2926 libri
1063 2871 1151 2928 editio

138 2944 230 2997 altera
248 2944 323 3011 quod
341 2943 413 2998 mihi
430 2961 487 3000 non
505 2945 618 3013 praesto
642 2945 704 2998 erat
723 2941 814 2998 doleo.
851 2941 996 3011 Reliquias
1020 2941 1151 2998 tenuissi-

137 3029 200 3067 mas
218 3011 344 3068 invenies
363 3013 392 3068 in
405 3013 534 3070 versione
549 3013 641 3069 latina
656 3012 787 3068 ‘historia
800 3014 959 3069 calumniae
973 3015 1152 3081 novercalis',

138 3083 181 3138 ibi
204 3083 279 3138 enim
305 3087 478 3140 memoratur
499 3085 613 3155 reginae
637 3087 747 3141 amator
768 3084 861 3140 latens
886 3085 938 3139 sub
962 3084 1151 3140 cubiculariae

138 3153 245 3210 vestitu
281 3154 314 3210 cf.
335 3154 431 3210 Keller
454 3156 487 3209 ‘li
505 3157 614 3211 Roman
632 3157 681 3211 des
702 3158 765 3226 sept
784 3157 877 3225 rages’
902 3172 966 3227 pag.
985 3156 1104 3212 XXXIV
1123 3158 1152 3210 et

137 3226 254 3281 Landau
286 3226 323 3283 .l.
343 3243 408 3296 pag.
424 3229 477 3296 17),
496 3228 526 3281 et
543 3226 574 3280 in
592 3227 720 3281 versione
733 3226 839 3297 gallica
860 3226 913 3281 ‘les
933 3229 997 3298 sept
1015 3243 1095 3298 seges
1116 3227 1151 3280 de

137 3297 238 3352 Rome'
255 3298 300 3367 (cl.
311 3297 408 3352 Keller
421 3296 439 3352 l.
448 3297 467 3353 l.
482 3313 548 3366 pag.
562 3297 675 3352 LXXVI
686 3301 748 3366 σᾳ).
780 3297 924 3353 Versionis
938 3299 1044 3353 latinae
1059 3313 1151 3352 exem·

136 3367 201 3436 plar
219 3367 332 3424 etiamsi
350 3369 527 3423 decurtatum
546 3367 659 3424 videtur
672 3369 772 3423 adesse
786 3368 816 3423 in
830 3368 926 3424 codice
942 3367 1076 3424 Bernensi
1091 3375 1152 3434 768,

138 3455 222 3506 quem
245 3439 381 3495 describit
399 3439 434 3496 Η.
453 3439 555 3509 Hagen
572 3439 602 3494 in
621 3439 796 3494 Fleckeiseni
815 3439 908 3495 annul.
927 3440 995 3494 tom.
1015 3445 1062 3509 97,
1085 3453 1152 3506 pag.

137 3514 189 3564 '111
205 3527 264 3579 sqq.
931 3527 936 3538 '

905 2817 948 2882 ag.
964 2807 1015 2856 862
1035 2802 1065 2855 et
1078 2801 1152 2856 Mar-
