2634 3902
541 143 760 206 „72-

190 303 227 362 ut
250 301 378 363 tantum
401 320 497 363 sexus
521 298 642 363 dividat
665 298 750 362 inter
773 320 836 362 coa

145 387 273 470 iamque
296 391 404 452 tamen
426 409 492 452 non
515 386 603 451 solus
626 387 695 473 agit
719 386 903 451 discrimina
925 409 1033 472 sexus,

91 494 132 534 sec
190 475 289 540 immo
313 476 369 560 qui
393 476 485 559 pueri
508 475 643 561 languet
664 475 699 539 in
722 497 776 540 ore
800 475 895 540 color.

145 564 279 649 languet
302 587 412 629 amans
434 586 493 628 nec
515 563 650 649 languet
672 586 775 648 amor,
797 585 838 627 ne
861 564 967 647 possit
990 563 1108 628 amoris

191 652 240 718 vis
262 652 415 739 languere
438 652 560 739 gravis,
582 651 720 738 languor
743 651 880 716 amantis
902 653 980 738 agit.

147 740 285 824 suscipit
307 746 518 828 augmentum
539 741 630 805 furor
652 763 672 804 a
693 740 849 826 languore
872 740 1023 824 furentis,

193 829 307 895 crescit
330 852 433 914 amor,
457 851 520 914 quo
543 829 618 913 plus
641 832 828 893 attenuatur
850 851 968 893 amans.

92 937 134 978 333
148 918 249 983 instat
272 917 302 982 ei
324 918 478 1003 lacrimis,
501 918 601 982 instat
624 939 719 1001 prece
743 916 853 982 sedula
874 917 999 1000 nutrix,

192 1011 229 1070 ut
252 1028 380 1071 causam
402 1006 508 1071 morbi
532 1007 662 1091 detegat
684 1005 740 1070 ille
763 1005 840 1090 sibi3

146 1095 201 1160 vix
223 1094 378 1176 lacrimis,
401 1094 456 1158 vix
479 1093 647 1158 blanditiis
669 1098 841 1179 extorquet
864 1095 905 1158 ab
928 1093 1000 1176 illo,

193 1204 302 1268 quam,
326 1204 437 1266 quare,
461 1186 631 1266 quantum,
655 1205 751 1267 quam
773 1182 857 1248 male
880 1203 977 1247 sanus
998 1185 1093 1246 amet.

148 1271 267 1336 mentis
290 1270 331 1335 ad
353 1293 503 1336 arcanum
526 1270 613 1356 fugit
635 1276 732 1355 atque
755 1271 916 1357 recolligit
939 1271 1028 1335 intus

95 1382 136 1422 aco
194 1382 228 1424 se
250 1364 354 1425 totam
377 1364 410 1424 et
433 1382 541 1425 secum
563 1359 666 1424 multa
687 1360 813 1425 volutat
836 1381 923 1424 anus.

149 1450 225 1514 dum
248 1449 330 1514 benc
353 1449 525 1514 fecundum
548 1448 691 1515 sollertia
713 1452 827 1532 pectus
850 1447 944 1512 anilis

194 1537 340 1622 discutit,
364 1538 515 1622 occurrit,
540 1536 618 1621 quid
640 1536 704 1601 sibi
727 1537 831 1620 possit
854 1537 916 1622 agi.

148 1625 251 1690 Aldae
275 1627 338 1691 fida
362 1648 468 1691 comes
491 1626 603 1690 haeret
625 1625 743 1709 Pyrrhi
767 1647 857 1690 soror
879 1625 948 1710 illa,

196 1735 290 1797 quae,
313 1714 340 1778 si
363 1735 430 1778 non
454 1717 538 1778 esset
561 1713 692 1797 femina,
715 1713 860 1798 Pyrrhus
883 1716 959 1777 erat.

94 1824 135 1864 333
149 1799 251 1864 Aldae
274 1801 450 1865 tradiderat
472 1822 548 1865 suus
570 1801 653 1865 hanc
676 1806 782 1887 pater,
805 1806 842 1866 ut
866 1801 952 1866 scola
974 1821 1101 1865 morum

194 1889 383 1955 informaret
407 1912 477 1954 eam
500 1889 646 1954 moribus
668 1889 753 1954 Alda
776 1890 850 1955 suis.

149 2000 168 2042 a
190 1978 342 2043 thalamis
364 1977 466 2044 Aldac
489 1982 583 2044 vocat
604 1978 688 2042 hano
709 1979 834 2063 nutrix,
858 1978 948 2063 quasi
973 1977 1129 2062 quaedam

222 2263 274 2314 378
291 2259 324 2312 ut
343 2258 434 2313 solum
489 2265 539 2314 381
559 2257 678 2328 languor
733 2260 853 2329 languor
906 2265 958 2315 383
977 2259 1009 2312 in
1026 2257 1165 2326 languore

150 2399 193 2455 vit
211 2334 282 2454 affl]
301 2329 350 2384 ille
369 2329 413 2384 sui
485 2334 536 2384 387
556 2329 707 2398 detorquet
778 2336 830 2386 388
849 2332 927 2384 amat
1003 2328 1165 2384 33013101-

222 2616 274 2667 383
292 2610 539 2681 11133333111311303)
559 2613 595 2667 Η
610 2644 642 2653 -
662 2613 768 2684 nutrix]
787 2612 898 2668 nuctrix
917 2613 949 2666 X
969 2643 1005 2654 —
1023 2615 1075 2667 386
1094 2609 1166 2684 sibi]

150 2682 195 2736 sui
215 2683 247 2736 X
263 2712 298 2723 -
317 2687 368 2739 388
388 2685 524 2751 quantum
542 2699 628 2752 quare
649 2685 681 2737 X
702 2715 735 2724 -
755 2690 807 2739 330
826 2684 937 2739 volutat
954 2684 990 2750 cf.
1009 2699 1033 2737 o.
1052 2687 1107 2738 469
1129 2712 1164 2723 -

150 2759 203 2810 393
221 2753 399 2826 informaret]
418 2753 599 2810 informasset
617 2755 650 2808 X
671 2786 703 2795 -
728 2760 779 2810 337
799 2754 893 2826 quasi]
913 2753 980 2824 quia
1000 2754 1031 2807 X

223 3006 274 3056 380
302 2999 383 3071 pueri
414 3017 482 3056 carr.
511 3018 524 3055 e
555 3016 642 3070 puero
671 3000 697 3053 V
717 2999 798 3071 parvi
826 3000 853 3055 L
886 3029 919 3041 -
952 3005 1003 3055 381
1028 2999 1164 3072 languor]

150 3071 252 3140 langor
285 3071 324 3126 W
347 3077 373 3127 et
399 3073 439 3126 333
465 3086 567 3140 semper
593 3070 712 3140 languet
746 3072 771 3125 V
796 3102 829 3112 -
858 3071 893 3124 de
916 3070 973 3124 suis
993 3085 1092 3124 amans
1120 3073 1165 3125 est

151 3140 270 3212 languor
298 3143 328 3244 pt
355 3157 433 3196 amor
460 3156 517 3196 non
542 3143 586 3196 est
612 3141 712 3210 langor
738 3143 777 3197 W
800 3144 832 3198 ira
858 3159 944 3214 marg.
972 3142 1021 3196 m.¹
1047 3172 1083 3182 -
1110 3147 1163 3197 383

152 3229 232 3266 amor
261 3231 293 3270 ra.

152 3215 272 3351 suscipit
309 3217 371 3338 >W
394 3314 429 3325 -
456 3283 534 3338 furor
574 3299 652 3338 soror
675 3283 701 3337 L
728 3283 796 3337 foris
824 3283 863 3336 W
889 3314 921 3344 ,-
950 3288 1002 3338 385
1027 3282 1116 3337 metat
1139 3282 1165 3352 (l

151 3353 241 3408 maior
261 3357 286 3408 et
304 3354 436 3423 colorata)
461 3354 487 3407 V
502 3371 535 3407 nr
567 3355 730 3410 3311333313.
750 3355 802 3409 zur.
822 3352 848 3407 L
872 3385 907 3394 -
929 3357 981 3408 387
1001 3353 1164 3424 detorquet]

153 3424 302 3492 extorquet
320 3423 346 3477 L
373 3449 407 3463 -u
435 3429 487 3478 388
507 3424 595 3494 amat]
621 3424 697 3477 amet
714 3423 741 3476 L
768 3454 802 3464 -
830 3430 882 3479 333
901 3424 1012 3494 haeret]
1036 3429 1051 3478 3
1074 3425 1105 3477 33
1128 3423 1168 3478 W

153 3493 252 3547 haeret
270 3495 300 3548 et
324 3494 379 3549 Wr
398 3524 432 3535 -
450 3499 503 3548 333
522 3495 642 3564 morum]
664 3509 771 3548 merum
794 3493 821 3551 V
