2634 3902
556 169 751 233 -9,

144 328 207 392 huc
220 325 354 392 lumine’
370 325 468 414 (Ecce
486 327 555 391 tua!
574 325 733 391 advertes'
746 323 896 414 Wright)
913 325 1040 392 nullum
1055 349 1158 393 exem·

144 414 237 500 plum
259 415 464 480 invenietur?

232 503 404 569 Praetereo
423 502 602 569 Guilelmus
620 502 805 590 theologiae
823 503 948 590 studiis,
966 508 1003 569 ut
1022 526 1082 588 par
1100 508 1159 590 est,

145 614 278 676 operam
297 591 392 656 dedit.
429 591 480 657 Ita
498 591 596 657 Petro
615 596 745 657 auctore
764 592 829 681 (ep.
849 590 908 678 93)
931 593 1107 658 ‘sermones
1125 597 1158 658 et

145 680 209 745 elia
240 679 442 768 theologicae
470 681 634 746 facultatis
662 681 771 765 opera’
805 684 1043 766 composuerat,
1077 703 1158 766 quae

145 768 282 834 ‘utinam
306 768 457 834 diffusius
486 773 594 835 essent
621 789 658 834 ac
688 769 848 835 celebrius
871 770 1049 854 publicete'
1073 770 1159 834 idem

145 857 313 922 desiderat.
349 855 460 943 Atque
487 857 522 922 in
548 880 598 942 ep.
626 857 806 942 posteriore
830 856 904 946 (76)
932 858 1035 923 emico
1063 858 1159 923 alicui

144 945 344 1032 theologiam
366 947 555 1033 neglegenti
578 947 764 1030 exemplum
783 946 938 1031 proponit
961 946 1079 1031 fratris,
1104 947 1159 1031 qui

144 1034 302 1100 iacturum
324 1036 482 1119 temporis
509 1036 544 1100 in
571 1034 751 1101 scribendis
777 1034 953 1123 tragoediis
981 1039 1014 1100 et
1037 1057 1160 1100 comoe-

145 1123 207 1189 diis
244 1124 428 1209 consumpti
468 1123 591 1190 salubri
624 1123 788 1190 doctrinae
825 1123 972 1190 coelestis
1005 1123 1159 1189 exercitio

145 1212 241 1296 plene
264 1210 533 1300 restauraverit1).
569 1211 675 1278 Hodie
698 1213 815 1278 horum
834 1235 978 1298 operum,
1002 1215 1160 1298 quantum

146 1301 309 1386 inquirere
332 1301 441 1388 potui,
463 1324 523 1368 nec
545 1302 619 1367 vola
642 1305 733 1366 extat
755 1323 815 1367 nec
836 1301 1020 1389 vestigium.

219 1513 244 1579 1)
265 1511 367 1565 Postea
395 1509 482 1566 etiem
505 1509 675 1567 Guilelmum
697 1509 805 1580 possim
829 1508 971 1564 adiuvisse
997 1508 1029 1563 in
1055 1507 1159 1564 litteris

146 1581 264 1636 fratrem
282 1579 410 1636 videmus
429 1597 463 1635 ex
482 1597 525 1651 ep.
542 1587 575 1637 77
597 1579 675 1636 ‘libri
692 1579 750 1636 mei
769 1581 816 1652 [de
833 1579 997 1650 praestigiis
1016 1580 1159 1652 fortunae]

147 1651 288 1721 siquidem
307 1651 400 1722 prime
413 1668 480 1721 pers
495 1668 513 1706 e
530 1651 668 1724 magistro
682 1651 826 1707 Willelmo
845 1651 933 1707 fratre
951 1666 1015 1706 meo
1033 1653 1161 1707 correcte

146 1724 203 1788 est;
228 1723 278 1778 sed
297 1722 365 1792 quia
382 1722 484 1791 timeo,
507 1740 542 1778 ne
567 1725 603 1779 sit
621 1722 815 1792 indulgentior
832 1722 916 1791 mihi,
940 1723 965 1777 si
987 1721 1057 1792 quid
1075 1721 1106 1776 in
1125 1737 1159 1777 eo

145 1791 281 1849 vitiosum
295 1793 449 1863 invenerit,
463 1809 576 1864 precor,
595 1797 628 1850 ut
643 1795 679 1850 ub
693 1794 776 1850 initio
790 1797 882 1850 totum
896 1793 1078 1863 diligentiore
1093 1809 1161 1847 cure

146 1865 311 1992 piectprratis,
335 1867 475 1934 qnatenus
497 1864 570 1920 nihil
592 1865 634 1921 ibi
656 1865 793 1937 resident,
817 1866 893 1936 quod
915 1865 1049 1922 lectorem
1074 1863 1160 1920 offen·

166 1951 183 1991 u
229 1952 286 2006 eqs.
