2634 3902
576 167 794 231 -64..

220 324 422 408 nonhabet,
445 324 543 389 immo
566 324 653 390 leves
676 325 711 390 in
734 348 791 390 sua
813 329 890 390 vota
914 326 1003 412 deos,

122 435 161 475 215
175 413 384 497 venalemque
406 411 492 478 Iovis
515 413 570 497 qui
592 437 659 478 non
681 414 870 479 conduxerit
894 437 995 501 aram,

220 501 255 565 in
277 523 414 566 vacuum
436 523 555 567 vacuus
579 503 742 587 supplicat
764 502 819 566 ille
842 501 920 568 Iovi.

176 595 251 654 ante
274 589 383 655 Iovem
407 612 518 655 causas
541 591 729 657 inhonestas
751 613 868 656 munus
889 593 1040 659 honestat

220 679 424 764 absolvitque
447 701 519 744 reos
542 679 761 764 innocuosque
784 681 874 766 ligat.

175 767 326 833 venditur
348 772 422 832 ante
445 767 554 833 Iovem
577 769 689 834 sceleri
712 769 846 853 pietatis
869 769 991 856 imago,

123 881 163 920 sao
221 861 330 941 empta
352 856 491 921 vestitur
513 858 574 922 sub
598 858 721 941 pietate
745 857 856 923 scelus.

175 945 241 1010 iam
263 945 346 1009 nihil
369 967 387 1008 a
410 946 536 1029 superis
560 947 662 1032 gratis
686 947 793 1031 datur,
817 947 925 1012 omnia
947 969 1066 1034 magno

221 1037 386 1118 constant,
409 1057 526 1120 magna
549 1035 646 1099 breve
669 1057 802 1100 munera
824 1057 941 1100 munus
965 1042 1083 1102 emunt.

176 1122 299 1206 templa
321 1122 429 1186 locant
452 1123 551 1186 etiam
574 1123 683 1207 superi
706 1147 778 1209 sua,
801 1124 1026 1209 pontificatum

220 1210 330 1275 vendit
353 1210 501 1294 pontifici
523 1209 674 1297 Iuppiter
695 1213 766 1298 ipse
789 1234 856 1278 suo.

122 1325 162 1365 225
176 1299 281 1386 gratia
304 1321 503 1365 summorum
525 1323 617 1365 merx
640 1305 703 1387 est,
725 1324 800 1366 narn
823 1301 928 1388 gratia
951 1302 1053 1388 gratis

219 1411 285 1453 non
309 1389 415 1473 datur,
437 1389 521 1454 hano
543 1389 631 1456 solus
653 1390 810 1477 prodigus
833 1393 962 1475 emptor
983 1391 1091 1456 habet.

176 1478 325 1543 venditur
347 1478 500 1543 introitus
522 1479 637 1563 templi
660 1479 878 1564 prohibetque
902 1479 1048 1544 sacerdos

220 1571 296 1644 ante
317 1566 426 1631 Iovem
448 1589 564 1632 vaouas
587 1590 718 1633 munere
741 1568 825 1633 ferre
847 1590 969 1633 manus.

177 1656 231 1719 dat
255 1655 356 1741 gratis
377 1676 487 1738 nemo,
512 1656 588 1739 quia
610 1657 712 1742 gratis
735 1679 829 1721 nemo
853 1657 989 1741 reoepit‚

123 1771 163 1810 rso
220 1742 330 1806 vendit
354 1743 503 1826 quisque,
527 1743 602 1828 quia
624 1744 767 1809 vendidit
791 1745 873 1810 alter
895 1746 932 1810 ei.

176 1831 281 1917 gratia
303 1834 464 1895 soortatur
486 1836 637 1916 prostans
659 1834 811 1919 turpique
834 1834 962 1899 redacta

219 1920 279 1984 sub
303 1918 410 2004 pretio
433 1924 596 2005 emptores
619 1921 753 1988 devovet
776 1923 848 2008 ipsa
870 1943 952 1988 suos.

247 2149 524 2205 214insuaverba
609 2156 661 2206 215
680 2168 778 2206 aurem
864 2157 916 2205 213
936 2150 1048 2206 sceleris
1136 2160 1189 2208 222

175 2238 277 2275 munus
297 2222 379 2274 erunt
443 2226 494 2276 223
514 2221 565 2276 dat
578 2239 660 2277 nemo
678 2224 767 2292 gratis
827 2227 878 2277 231
899 2222 1017 2277 sortitur
1070 2224 1190 2279 reducta
1305 2271 1306 2278 ,

248 2420 300 2468 211
320 2413 409 2484 aram]
433 2429 528 2468 aurem
546 2416 593 2484 H,
616 2418 689 2485 quod
708 2418 850 2486 praeferre
864 2419 955 2486 possis
977 2448 1011 2459 -
1035 2418 1190 2475 217111110-
1305 2425 1306 2436 ¹

175 2537 282 2608 nesta-s]
302 2535 474 2608 inhonestlssl
492 2538 508 2591 b
529 2571 559 2577 —
580 2544 631 2592 221
650 2539 735 2611 nihil]
750 2539 792 2594 nil
806 2542 839 2595 X
857 2573 888 2583 —
908 2489 1063 2624 rritifcghooss
1081 2574 1115 2584 -
1134 2549 1188 2598 222

174 2623 291 2661 munera
308 2624 409 2662 munus
428 2611 537 2680 emunt]
561 2626 677 2665 munera
699 2629 800 2666 munus
820 2613 924 2669 emitb
946 2631 1063 2669 nummo
1085 2631 1189 2668 munus

176 2679 244 2734 emit
262 2679 335 2734 XM
362 2710 394 2720 —
423 2681 572 2750 2251110111]
591 2683 682 2737 nont
711 2714 743 2723 —
768 2689 819 2739 223
839 2683 928 2757 solus]
947 2687 1061 2740 tantum
1079 2686 1133 2741 Hb
1154 2717 1188 2726 -

175 2756 225 2805 231
245 2751 389 2823 prostans]
408 2756 556 2821 praestans
576 2753 591 2807 b
610 2784 644 2794 -
662 2753 791 2826 redacta]
809 2754 928 2810 reducta
943 2757 994 2813 Hb
1014 2787 1046 2797 -
1066 2761 1119 2810 232
1139 2756 1188 2811 de·

175 2824 271 2894 voret]
291 2822 408 2877 devorat
427 2824 437 2877 1

246 3037 299 3087 214
316 3031 415 3105 verba]
433 3036 501 3089 vota
523 3035 550 3089 V
565 3067 598 3077 -
618 3042 670 3092 213
688 3038 720 3092 in
737 3038 764 3091 L
781 3040 863 3094 uerba
880 3040 946 3094 inde
963 3040 999 3095 ab
1018 3039 1084 3093 ante
1102 3055 1190 3110 usque

173 3119 275 3174 ymago
294 3108 319 3158 et
337 3103 389 3158 sub
407 3121 491 3176 usqua
510 3106 601 3160 scelus
619 3109 651 3163 ia
668 3110 892 3166 100111110111
911 3141 944 3151 -
964 3114 1015 3166 221
1040 3126 1058 3164 a
1077 3109 1188 3180 superis

426 3175 549 3246 ipreoio
570 3177 639 3249 (m.¹)
836 3182 1036 3251 comparantur
1054 3180 1123 3252 (m.¹)

175 3262 225 3300 om.
248 3245 274 3298 V
291 3276 323 3284 -
344 3251 395 3299 221
414 3264 518 3318 magno
658 3250 697 3304 W
712 3282 746 3292 —
765 3255 816 3306 222
836 3254 968 3307 coustant
1149 3251 1191 3306 W

175 3346 207 3355 -
227 3316 324 3386 breve]
343 3316 424 3371 brevi
446 3318 486 3373 W
500 3349 534 3360 -
553 3321 681 3393 munera]
700 3338 815 3377 munere
838 3324 878 3378 W
893 3355 926 3364 -
945 3325 1028 3378 erunt
1059 3321 1130 3378 emit
1149 3322 1192 3377 W

174 3417 207 3428 -
227 3391 279 3440 223
302 3386 422 3458 templa]
443 3388 544 3458 templi
568 3391 595 3445 V
620 3423 653 3433 -
682 3397 734 3447 226
754 3393 843 3466 solus]
862 3393 953 3447 solum
974 3395 1002 3449 P
1069 3423 1103 3435 -
1132 3399 1188 3448 230

173 3473 284 3546 vendit]
302 3461 434 3544 ventidit
452 3475 479 3529 L
499 3507 533 3517 -
552 3478 631 3550 quia]
651 3497 703 3534 sna
721 3481 756 3536 W
775 3512 809 3522 —
828 3487 878 3536 231
899 3480 1028 3553 sortitur]
1043 3483 1189 3537 scortator

175 3545 204 3598 P
221 3577 253 3586 -
272 3545 402 3619 reducta]
420 3546 537 3603 redacta
555 3550 584 3603 P
