2634 3902
597 157 816 221 ..76-

247 319 359 380 mutua
382 314 547 379 luxuriant
571 314 679 379 oscula
701 315 773 400 lege
797 314 876 398 pari.

202 403 285 468 ludit
308 408 341 468 et
364 402 497 468 alterius
520 403 691 489 peregrina
713 408 850 489 vagatur
871 403 906 467 in
929 425 983 468 ore

149 513 189 554 reo
247 492 448 576 alternatque
472 514 547 557 suos
570 496 706 575 utraque
729 491 841 578 lingua
863 491 955 556 lares.

202 579 318 645 laetior
340 581 476 646 intranti
498 580 688 666 peregrinae
711 580 853 666 assurgit
875 580 996 645 amicae

247 669 344 754 inque
367 691 443 734 suos
465 669 568 733 trahit
590 669 672 733 hanc
695 668 826 753 hospita
848 668 961 755 lingua
982 669 1075 734 lares.

203 758 279 822 dum
303 758 442 842 quodam
465 758 624 841 applausu
648 757 711 822 sibi
736 757 964 840 colluctantur,
987 758 1089 822 amico

248 847 399 931 amplexu
422 847 568 933 linguam
589 846 702 931 lingua
724 845 827 932 ligata
849 845 940 931 ligat.

148 957 188 998 rer
202 939 333 1018 sumpta
357 935 436 1000 satis
458 935 602 1018 Pyrrhus
626 938 702 1017 post
725 935 834 999 oscula
857 938 962 998 cetera
986 934 1098 1018 sumit,

248 1023 420 1088 defloratus
444 1023 515 1087 obit
537 1022 737 1108 virginitatis
759 1023 870 1088 honor.

203 1112 333 1176 crebros
356 1111 391 1175 in
413 1112 476 1175 fine
501 1110 645 1175 salientis
669 1115 812 1176 senserat
834 1110 918 1175 Alda

246 1200 356 1285 virgae
380 1198 557 1285 singultus
580 1198 690 1263 sedula
714 1221 859 1283 quaeque
882 1203 988 1283 notat,

202 1287 300 1372 inque
322 1287 526 1372 voluptatem
548 1287 685 1352 Veneris
707 1287 849 1353 resoluta
871 1288 998 1352 volutat

148 1399 188 1439 uo
248 1399 369 1462 secum,
392 1377 470 1461 quid
493 1376 537 1441 sit
560 1398 597 1440 ea
620 1376 720 1440 cauda
742 1375 794 1440 vel
817 1376 871 1440 ille
895 1380 1015 1460 tumor,

202 1465 286 1530 unde
309 1465 487 1549 voluptatis
511 1465 554 1530 sit
577 1465 611 1529 in
633 1464 690 1529 illo
714 1469 805 1529 tanta
828 1465 934 1550 rigore

246 1554 364 1640 gratia,
388 1554 464 1618 dum
488 1575 597 1618 secum
621 1553 767 1637 discutit,
790 1552 896 1636 inquit
919 1552 978 1617 ita:

203 1643 376 1726 ‘quondam
400 1663 473 1706 cara
495 1641 590 1724 mihi,
613 1642 669 1705 sed
691 1663 776 1706 nunc
800 1640 977 1724 carissima,
1001 1642 1165 1725 quondam

246 1731 310 1793 fida
333 1751 454 1812 comae,
477 1730 533 1792 sed
554 1751 640 1793 nunc
663 1731 727 1794 fida
749 1729 905 1816 magistra
928 1729 1022 1813 mihi,

147 1839 187 1880 ur
202 1817 367 1901 obsequiis
391 1816 516 1881 debebo
540 1817 619 1902 tuis,
643 1819 729 1901 quod
752 1822 880 1883 mortua
901 1818 1008 1882 rivam

246 1905 395 1990 quodque
418 1905 499 1970 mihi
521 1927 593 1970 mea
616 1911 691 1990 post
713 1907 781 1970 fata
804 1911 968 1990 superstes
992 1928 1054 1971 ero.

203 1995 280 2079 quid
303 1995 365 2059 tibi
389 2017 448 2080 pro
472 1995 572 2059 tantis
596 1995 731 2081 dignum
753 1997 889 2060 referam
913 1995 1127 2080 documentis,

246 2105 306 2168 par
329 2088 379 2147 est
402 2083 518 2148 officiis
541 2083 647 2169 graia
669 2083 758 2148 nulla
780 2083 854 2147 tuis.

201 2173 280 2237 haec
304 2172 508 2257 documenta,
530 2193 657 2256 precor,
679 2172 790 2256 iteres,
812 2172 929 2236 iterata
952 2173 1090 2236 secundo

147 2283 188 2322 rso
246 2261 424 2326 haerebunt
448 2261 555 2325 animo
578 2261 702 2325 firmius
725 2260 789 2324 ista
811 2281 891 2325 meo.

203 2350 229 2414 si
253 2350 358 2414 decies
380 2354 521 2433 repetaS,
546 2348 650 2413 decies
672 2348 812 2432 repetita
835 2348 1023 2433 placebunt,

272 2547 326 2595 466
345 2540 496 2596 defloratus
516 2540 577 2596 abit
639 2545 691 2596 468
710 2540 791 2611 virgo
811 2539 953 2611 singultus
1021 2544 1072 2596 478
1091 2557 1144 2610 par
1164 2542 1220 2596 erit

202 2612 345 2680 obsequiis
418 2616 471 2666 480
489 2610 542 2666 illa
559 2627 622 2666 mco

273 2795 326 2844 464
350 2787 449 2860 lingua
476 2788 579 2860 ligata]
608 2787 699 2859 ligata
726 2786 825 2856 lingua
850 2786 885 2841 H
910 2819 943 2827 -
972 2793 1023 2842 466
1052 2787 1126 2860 obit]
1155 2789 1216 2845 abit

201 2862 237 2916 H
253 2891 286 2903 -
309 2860 398 2941 honpr
429 2858 519 2913 honos
538 2861 571 2913 Η
592 2889 626 2899 -
650 2863 700 2913 467
721 2857 852 2939 66666067
866 2859 963 2913 crebro
982 2859 1017 2914 Η
1036 2860 1134 2942 orobos
1165 2861 1218 2915 Wr

201 2929 414 3073 {s-odps'ltapuplpa
429 2929 510 3054 &rod
530 2931 565 2984 H
580 2960 614 2969 -
633 2934 685 2984 478
705 2931 749 2984 est
767 2928 881 3000 officiis]
901 2932 946 2984 est
969 2930 1112 2998 obsequrrs
1132 2931 1165 2984 X
1181 2962 1215 2971 -

343 3157 462 3212 intranti
476 3157 547 3228 (η’)
674 3161 699 3229 d·
718 3157 815 3228 lingue
830 3159 900 3230 (η’)

272 3235 323 3286 461
348 3228 434 3298 {tanti
570 3228 609 3283 W
625 3260 658 3269 -
678 3228 769 3283 amice
918 3229 957 3284 W
974 3262 1006 3272 -
1027 3229 1117 3286 amice
1131 3231 1217 3288 Iahn-

1037 3305 1132 3356 tumor
1146 3301 1218 3372 (m.¹)

201 3373 264 3426 aios
278 3371 411 3439 proponit
425 3401 458 3410 -
472 3374 525 3424 468
540 3369 650 3441 redula]
666 3368 779 3438 singula
798 3371 895 3426 WWr
913 3403 948 3412 -
966 3378 1019 3427 470
1038 3371 1124 3442 timor

208 3443 246 3496 W
261 3471 296 3481 -
315 3445 367 3494 476
386 3439 543 3510 carissima]
562 3439 631 3495 kffia
644 3440 670 3492 L
680 3440 718 3492 W
735 3471 767 3480 -
787 3445 841 3502 476
854 3441 943 3513 quod]
957 3443 1024 3510 quia
1043 3443 1081 3498 W
1094 3476 1127 3485 -
1143 3460 1217 3498 mor-

202 3511 265 3582 tua]
281 3527 297 3564 o
316 3525 395 3565 erosa
413 3509 439 3562 L
459 3539 490 3550 -
511 3516 563 3566 476
583 3509 714 3578 quodque
733 3509 815 3583 mihi]
835 3511 911 3579 quod
928 3511 999 3566 mihi
1023 3513 1049 3568 V
