2634 3902
567 152 787 216 „32-

169 311 235 375 dae.
274 308 336 374 Sed
358 330 431 373 cum
449 307 517 393 1110,
542 309 627 394 quod
646 313 760 393 aptum
779 313 861 392 erat,
884 307 1021 373 alterum
1042 307 1193 374 eiusdem

169 398 297 486 generis
321 419 448 462 carmen
476 397 569 462 alteri
598 401 791 482 opponeret,
822 397 876 462 1110
903 395 1103 481 poematium
1131 398 1193 463 ali·

170 487 269 572 quod,
293 487 380 571 quod
402 489 496 550 antea
514 486 640 570 publici
662 488 782 551 fecerat
804 485 893 571 iuris,
916 485 1027 551 attulit
1050 487 1193 553 servatis

168 577 342 641 verborum
366 575 471 640 colore
496 579 528 638 et
551 576 669 659 forma,
692 574 731 639 cf.
751 574 832 658 prol.
852 577 872 640 9

236 665 395 730 ‘versibus
418 667 454 728 ut
477 663 594 748 pulicis
618 669 651 728 et
673 685 801 729 muscae
823 663 930 749 iurgia
953 662 1023 748 risi,

281 753 421 818 occurrit
442 757 554 818 nostro
578 752 720 818 mascula
742 751 835 839 virgo
860 750 956 816 stilo'.

168 842 351 926 Praeterea,
375 841 403 906 si
426 841 543 907 omitto
564 841 696 907 nomina
720 841 754 905 in
776 845 913 925 utraque
931 839 1095 905 comoedia
1114 863 1189 906 con·

170 931 342 996 sentientia
355 930 474 1015 Pyrrhi
493 935 526 994 et
547 929 698 1014 Sabinae,
722 928 760 993 de
780 929 899 1013 quibus
916 929 982 993 iam
1000 951 1099 1013 supra
1119 929 1189 994 dixi

170 1018 259 1107 (pag,
279 1021 320 1084 27
346 1016 511 1104 01200),
542 1023 575 1082 et
602 1018 792 1103 sentcntiae,
820 1016 909 1082 101111
936 1017 971 1080 in
998 1017 1144 1104 prologis
1152 1016 1190 1105 1),
1298 1003 1299 1048 ³

171 1112 204 1172 01
227 1108 326 1172 verba
349 1107 421 1191 ipsa
444 1106 573 1190 saepius
596 1111 792 1193 congruunt,
815 1107 854 1170 cf.
874 1129 899 1170 c.
918 1129 949 1192 g,

237 1196 315 1279 Lyd.
338 1196 400 1262 118
425 1195 635 1279 ‘perdidimus
659 1194 762 1260 sterili
786 1194 908 1260 semina
931 1194 1023 1278 lapsa
1046 1194 1128 1259 solo'

236 1282 309 1348 Ald.
329 1286 394 1349 206
419 1284 463 1348 ‘et
487 1283 590 1348 sterili
614 1284 737 1348 semina
760 1283 867 1367 perdit
890 1282 1010 1348 humo’.

170 1372 222 1437 Ex
254 1373 294 1437 iis
328 1394 408 1456 quac
437 1373 533 1438 attuli
561 1395 717 1458 apparere
745 1377 826 1456 puto
854 1371 990 1456 Lydiam
1023 1370 1071 1458 (et
1100 1372 1188 1456 quod

170 1462 205 1526 in
232 1462 328 1548 hanc,
357 1462 455 1527 etiam
481 1462 585 1549 magis
613 1463 648 1526 in
672 1461 811 1526 Militem
838 1460 1016 1547 gloriosum
1044 1460 1188 1525 eiusdem

171 1551 311 1616 auctoris
334 1548 435 1638 cadit)
458 1556 532 1616 ante
554 1550 672 1617 Aldam
695 1551 714 1614 i.
739 1573 764 1614 0.
788 1554 863 1614 ante
886 1570 966 1613 saec.
983 1547 1052 1613 XM
1075 1549 1187 1613 decen-

168 1640 260 1703 nium
272 1637 343 1705 VH.
363 1661 432 1704 esse
452 1639 672 1723 compositam.
708 1638 823 1722 Neque
843 1659 919 1702 1010
933 1638 1035 1702 multo
1051 1636 1187 1702 ulterius

169 1726 339 1791 ascendere
360 1727 457 1791 nobis
475 1727 565 1810 licet,
588 1749 660 1791 cum
674 1726 831 1791 Matthaei
844 1726 999 1791 Milonem
1018 1726 1188 1790 imitentur

168 1814 243 1879 illae
263 1814 445 1878 comoediae
464 1814 558 1902 (01.0.
574 1837 604 1900 g.
624 1814 691 1880 Mil.
709 1817 726 1878 1
748 1815 874 1880 ‘hamus
891 1815 1010 1880 amoris
1029 1815 1121 1880 edax’
1142 1847 1185 1868 =

170 1902 237 1966 Mil.
256 1903 336 1989 glor.
356 1904 398 1968 51
419 1901 487 1989 al),
509 1903 664 1968 Milonem
683 1907 804 1988 autem,
828 1903 884 1988 qui
903 1903 1008 1988 primo
1026 1903 1098 1969 loco
1122 1926 1186 1967 me-

169 1996 315 2056 moratur
337 1991 372 2056 in
394 1992 551 2057 Matthaei
574 1993 770 2076 scriptorum
793 1993 953 2078 catalogo,
976 1991 1062 2056 intra
1085 2015 1186 2057 annos

170 2082 237 2146 fere
262 2082 483 2148 laco-1260
506 2104 574 2147 0000
598 2081 720 2146 editum
744 2102 932 2165 persuasum
954 2081 1068 2145 habeo.

259 2169 440 2256 Singularis
467 2171 550 2235 ratio
578 2171 663 2235 inter
690 2170 890 2234 Matthaeum
914 2168 1187 2235 Vindocinensem

172 2263 204 2322 et
219 2257 414 2324 Guilelmum
433 2259 610 2323 intercedit.
647 2258 793 2343 Uterque
817 2259 903 2323 enim
920 2258 955 2322 in
969 2257 1187 2323 describendis

171 2346 269 2411 rebus
296 2346 485 2432 vulgaribus
517 2346 633 2411 iisdem
662 2347 831 2411 sententiis
861 2351 894 2412 01
920 2347 1029 2412 verbis
1057 2346 1187 2431 saepius

171 2433 289 2516 utitur,
317 2435 490 2519 praecipue
518 2434 575 2499 ubi
599 2434 638 2498 de
662 2433 878 2518 pulcritudine
905 2435 957 2499 101
984 2435 1186 2519 turpitudine

170 2522 338 2586 hominum
362 2527 394 2587 et
418 2524 456 2587 de
479 2523 650 2588 mulierum
673 2523 869 2607 procacitate
897 2524 1020 2610 agitur3
1047 2524 1103 2589 sed
1125 2525 1187 2588 hae

171 2614 246 2675 sunt
257 2611 434 2676 sententiae
448 2611 497 2676 1111
511 2611 610 2677 aetati
624 2634 817 2697 communes,
831 2618 868 2677 ut
882 2612 1021 2678 alterum
1035 2635 1074 2678 ex
1084 2613 1187 2678 altero

171 2698 311 2784 pendere
334 2700 369 2765 in
392 2700 577 2766 universum
600 2695 671 2766 dici
685 2698 866 2788 aequare)

244 2877 270 2946 1)
289 2876 395 2945 Lydiae
409 2875 579 2931 versiculum
595 2881 627 2930 19
644 2877 780 2931 ‘murmur
794 2892 940 2945 compesce
954 2875 1064 2930 labelli’
1084 2875 1187 2931 forma-

171 2948 233 3000 tum
251 2962 312 3000 esse
332 2947 368 3000 ad
389 2946 546 3016 exemplum
565 2946 659 3001 Iuvcn.
674 2947 695 3015 Ι,
711 2952 762 3002 160
782 2947 901 3001 adnotat
918 2945 1054 3001 Manitius
1073 2946 1103 3000 in
1121 2946 1188 3000 Phi-

170 3016 256 3086 lolog.
277 3015 322 3139 SM.
338 3016 376 3085 S.)
391 3016 438 3085 IV,
454 3022 531 3084 1891,
550 3032 616 3085 pag.
631 3021 692 3072 360.
724 3017 762 3071 Et
779 3017 856 3071 illius
874 3017 958 3088 plura
975 3016 1022 3071 hie
1040 3016 1188 3073 inveniun-

170 3089 225 3155 tur,
245 3103 279 3141 ve
292 3088 324 3142 ut
342 3086 430 3142 verba
446 3085 573 3141 mulieris
593 3087 730 3156 superbae
753 3089 812 3143 Iuv.
832 3088 878 3157 Vl,
898 3093 949 3143 113
971 3088 1035 3144 ‘hcc
1052 3087 1125 3158 volo,
1147 3090 1187 3143 sic

171 3157 267 3212 iubco’
290 3160 319 3212 et
337 3157 406 3227 Lyd.
426 3163 478 3214 470
499 3156 551 3212 ‘sic
569 3158 633 3212 volo
653 3157 750 3226 sicque
767 3159 855 3215 veto’.

241 3232 269 3298 1)
288 3228 394 3283 Tamen
417 3245 538 3284 conexus
562 3244 618 3283 non
643 3230 728 3298 plane
746 3231 846 3300 negari
864 3230 973 3300 potest,
998 3231 1077 3286 velut
1096 3229 1188 3285 hudo-

171 3296 250 3353 vicus
270 3299 381 3354 Traube
401 3300 446 3370 (³0
465 3301 556 3354 Roma
574 3299 690 3355 nobilis'
709 3318 775 3372 pag.
790 3302 836 3371 13)
855 3301 946 3355 Aldae
964 3319 989 3356 1.
1008 3305 1060 3358 511
1082 3299 1188 3355 ‘neseio

172 3369 235 3439 quis
254 3370 357 3425 mulier
375 3371 420 3426 vel
443 3387 515 3439 quae
538 3369 582 3425 vir
606 3371 715 3440 quodve
734 3373 875 3427 neutrum’
901 3371 1014 3427 fluxisse
1039 3373 1189 3427 0011101011

171 3441 409 3512 Hermaphrodito
427 3443 502 3495 ‘cum
516 3457 580 3495 mea
593 3459 638 3497 me
652 3445 753 3498 mater’
771 3459 838 3512 eqs,
858 3459 941 3511 quem
954 3442 1033 3496 nisus
1048 3442 1190 3498 Matthaei

171 3511 336 3567 testimonio
360 3511 390 3566 in
412 3512 589 3582 praefatione
612 3529 655 3582 ap.
678 3512 854 3584 poeticarum
877 3532 904 3569 v.
928 3520 963 3568 24
986 3514 1052 3568 huic
1077 3513 1190 3569 auctori
1298 3561 1299 3564 ,
