2634 3902
569 821 690 916 Caput
716 822 777 897 IV.

297 969 347 1044 De
369 986 465 1043 libris
487 987 745 1057 manuscriptis
768 991 804 1043 et
826 987 1039 1045 editionibua

253 1135 405 1200 Subsidia
428 1135 552 1221 critica,
572 1136 691 1220 quibus
710 1137 744 1202 in
762 1137 823 1201 hac
840 1160 924 1202 nova
943 1135 1080 1202 editione
1099 1158 1181 1201 usus

163 1247 249 1309 sum,
273 1229 349 1289 sunt
371 1225 463 1289 haec:

253 1313 295 1379 H
316 1314 417 1379 codex
444 1312 639 1378 Harleianus
662 1316 750 1381 3872
779 1315 882 1380 musei
908 1313 1092 1398 britannici,
1122 1312 1179 1398 qui
1299 1319 1300 1348 ¹

164 1403 307 1468 breviter
329 1403 511 1468 illustratur
533 1402 568 1467 in
592 1401 780 1490 ‘Cataiogue
804 1405 841 1468 of
861 1404 916 1468 the
939 1401 1091 1470 Harleian
1114 1425 1183 1466 ma·
1299 1473 1300 1478 γ

163 1491 328 1577 nuncripts
357 1492 392 1557 in
424 1492 480 1557 the
511 1491 637 1557 British
667 1491 827 1558 Museum'
860 1496 935 1558 tom.
953 1489 1009 1576 ΠΙ,
1032 1513 1106 1577 pag.
1128 1493 1181 1557 89.
1299 1561 1300 1564 ,

163 1581 266 1646 Aldce
290 1581 468 1666 comoedia,
498 1603 595 1664 quam
623 1581 783 1645 antecedit
811 1581 970 1646 distichon
993 1602 1092 1664 supra
1115 1601 1181 1644 me·
1299 1591 1300 1630 1

163 1674 326 1734 moratum
344 1667 433 1755 (pag.
448 1665 494 1754 4),
515 1669 637 1754 legitur
655 1668 709 1733 fol.
726 1672 812 1754 170⁸,
831 1670 1057 1753 coil-173²,
1075 1668 1135 1733 col.
1152 1671 1184 1733 1.
1299 1723 1300 1728 ,

163 1757 390 1842 Apographon
404 1756 472 1821 eius
487 1755 659 1842 diligenter
672 1759 794 1822 factum
804 1759 937 1824 comiter
945 1757 1185 1822 interveniente
1299 1787 1300 1792 ¹

164 1845 329 1910 chardo
348 1848 404 1909 ten
421 1844 533 1930 Brink,
553 1867 649 1929 quem
668 1846 853 1912 defunctum
871 1846 973 1931 doleo,
991 1845 1081 1910 misit
1100 1845 1186 1909 mihi

164 1933 264 1999 Lucia
287 1933 436 1999 Toulmin
461 1932 575 2000 Smith.

256 2022 387 2089 ‘Versus
409 2023 531 2089 leonini
554 2024 695 2089 auctoris
717 2024 842 2089 incerti'
867 2022 923 2108 qui
945 2023 980 2088 in
1003 2023 1112 2089 codice
1136 2045 1189 2088 se·
1299 2045 1300 2108 j

166 2116 283 2178 cuntur
305 2113 503 2178 comoediam
527 2111 595 2201 (fol.
618 2115 704 2198 173³,
722 2114 781 2178 col.
803 2111 836 2200 1)
860 2115 948 2176 sunt:

190 2218 306 2298 ‘d]ivcs
325 2241 412 2284 cram
436 2222 468 2282 et
492 2217 627 2282 dilectus
649 2219 735 2284 iuter
758 2223 868 2303 partes
890 2217 1070 2302 preelectus

189 2307 284 2372 modo
308 2310 420 2371 curvat
447 2327 499 2370 me
522 2310 669 2371 senectus
693 2311 726 2370 et
749 2311 834 2372 etate
858 2328 929 2372 sum
953 2307 1118 2371 confectus

189 2395 284 2461 Unde
306 2395 381 2458 vilis
404 2397 437 2458 et
459 2393 628 2480 neglectus
651 2417 670 2458 a
693 2395 824 2460 deiectis
848 2419 919 2461 sum
943 2395 1085 2460 deiectus

190 2484 333 2560 Quorum
354 2504 437 2547 vana
450 2486 544 2547 sonat
563 2486 677 2565 pectus
695 2506 806 2549 mensa
820 2484 927 2571 gravis
941 2507 1067 2569 pauper
1080 2484 1191 2549 lectus
1299 2495 1300 2502 ’

191 2571 263 2656 quis
277 2593 337 2635 nec
351 2593 513 2637 amornec
527 2572 660 2638 affectus
675 2573 731 2637 sed
746 2574 925 2639 horrendus
942 2576 992 2638 cst
1011 2573 1187 2657 aspectus',

169 2679 315 2764 sequitur
338 2678 396 2744 col.
417 2675 573 2763 2-17312,
593 2679 652 2747 col.
671 2681 692 2744 2
716 2701 844 2745 carmen
868 2680 906 2744 de
925 2679 1050 2744 excidio
1069 2678 1190 2744 Troiae

169 2769 256 2854 quod
279 2767 395 2852 incipit

236 2857 383 2922 ‘Uiribus
407 2861 476 2921 arte
498 2856 595 2922 minis
619 2857 757 2921 danaum
781 2856 856 2920 data
878 2856 962 2921 troia
985 2854 1087 2921 ruinis

282 2945 374 3009 anuis
398 2946 450 3009 bis
474 2944 581 3029 quinis
604 2945 643 3009 fit
666 2967 765 3032 rogus
788 2948 885 3030 atque
909 2944 1001 3009 cinis'

169 3032 305 3117 explicit

237 3121 302 3186 ‘Sic
325 3143 365 3186 cx
389 3143 467 3185 enea
490 3125 638 3186 crescunt
660 3143 792 3186 romana
816 3121 954 3206 trophea

281 3208 334 3276 Sic
356 3232 436 3297 gens
459 3210 603 3276 romulea
626 3209 732 3296 surgit
755 3212 796 3275 ab
819 3209 982 3276 hectorea'
1299 3183 1300 3262 i

171 3299 257 3383 quod
285 3299 407 3363 editum
436 3303 484 3363 cst
512 3299 573 3363 sub
597 3298 782 3364 Hildeberti
808 3298 938 3365 nomine
967 3298 1054 3383 apud
1076 3296 1191 3383 Migne

171 3386 287 3470 patrol.
302 3409 361 3452 ser.
375 3386 415 3470 II,
429 3390 506 3451 tom.
523 3389 596 3471 171,
613 3387 671 3452 ool.
688 3389 773 3453 1451
789 3410 871 3472 sqq.;
890 3387 1035 3452 conferas
1049 3387 1085 3451 B.
1100 3385 1190 3450 Hau-

171 3479 248 3540 reau
271 3475 306 3540 in
330 3476 407 3540 ‘not
432 3479 464 3539 et
488 3476 580 3539 extr?
604 3480 681 3539 tom.
701 3477 753 3559 28,
773 3478 802 3561 2,
821 3497 895 3561 pag.
914 3476 989 3541 402.
