2634 3902
544 178 763 241 -20-

231 337 415 402 Praeterea
434 358 516 421 quae
535 336 695 420 adnotavi,
714 336 800 421 quod
816 336 952 401 certiora
967 337 1081 402 afferre
1094 359 1163 402 non

144 447 286 511 possum,
305 425 407 509 doleo,
430 425 485 490 sed
503 425 569 490 iam
586 425 638 490 his
652 424 810 509 exemplis
828 425 1062 490 demonstrasse
1081 425 1162 490 mihi

144 515 254 580 videor
277 514 421 599 potuisse
439 513 608 579 Menandri
631 513 763 599 aliquid,
787 514 873 597 quod
895 517 1081 597 temporum
1103 514 1162 578 ini-

145 603 268 687 quitate
292 604 332 668 ad
355 626 414 669 nos
436 624 502 668 non
525 602 721 686 pervenerit,
744 602 842 666 medii
865 603 935 667 aevi
958 603 1163 687 temporibus

144 697 307 758 servatum
326 714 394 758 esse
413 691 447 756 in
466 691 589 756 oriente
609 696 703 756 terra.
741 690 834 768 Quod
847 696 925 756 tunc
939 713 1042 775 ponas
1060 696 1162 757 trans-

144 780 247 846 latum
278 781 330 846 vel
362 781 473 866 potius
500 781 765 845 transformatum
794 779 830 843 in
858 780 905 844 lin
952 802 1004 845 am
1026 779 1161 845 latinam

145 874 178 934 et
193 868 352 935 Guilelmo
367 868 511 935 Blesensi
527 869 703 934 occurrisse
716 867 813 955 (prol.
823 891 851 932 ι.
864 871 906 933 10
923 921 929 932 .
952 867 986 934 N
986 891 1039 933 am
1053 891 1162 953 quam-

146 981 243 1042 quam
270 959 375 1023 medio
403 980 481 1023 aevo
508 957 656 1042 linguam
684 978 832 1043 graecam
859 957 894 1020 in
920 956 1054 1041 Europa
1081 957 1162 1022 occi-

145 1047 266 1111 dentati
280 1047 347 1112 fere
361 1047 509 1133 ignotam
522 1045 622 1111 fuisse
636 1068 702 1110 non
715 1067 799 1131 nego
807 1043 846 1131 ¹),
865 1050 974 1110 tamen
988 1045 1162 1129 praecipue

145 1135 219 1199 inde
238 1158 257 1200 a
276 1157 355 1201 saec.
374 1135 412 1199 X.
431 1135 592 1220 frequenti
612 1133 804 1216 commercii,
827 1133 1037 1220 legationum,
1061 1134 1160 1199 bello-

145 1246 218 1287 rum
235 1245 297 1288 usu
313 1223 442 1289 Italiam
455 1221 661 1308 Siciliamque
680 1225 809 1306 praeter
827 1225 949 1288 ceteras
967 1227 1070 1288 terras
1089 1245 1162 1288 cum

146 1312 270 1377 oriente
287 1311 388 1376 fuisse
406 1311 593 1377 coniunctas
610 1315 725 1376 notum
744 1315 801 1375 cst.
837 1309 932 1376 Unde
954 1311 1025 1376 fieri
1043 1313 1162 1397 potuit,

145 1404 184 1464 ut
212 1401 280 1466 eius
305 1401 432 1485 qualem
454 1400 609 1485 descripsi
636 1400 759 1465 formae
782 1399 893 1464 fabula
917 1422 957 1464 ex
980 1401 1104 1465 oriente
1127 1401 1162 1465 in

147 1490 346 1555 occidentem
369 1487 542 1578 (Siciliam)
565 1489 811 1575 transmigraret
838 1488 949 1572 ibique
978 1493 1093 1573 poetae
1116 1494 1162 1554 ta·

146 1579 227 1643 lium
250 1579 368 1663 cupido
392 1578 574 1644 comoediae
603 1577 772 1642 materiam
800 1576 959 1663 elegiacac
981 1578 1161 1660 praeberet.

235 1667 316 1749 Iam,
344 1671 381 1730 ut
408 1688 449 1730 ex
475 1667 547 1750 ipsa
571 1665 735 1730 comoedia
759 1663 910 1730 Guilelmi
938 1665 1161 1731 testimonium

147 1754 282 1841 originis
305 1754 517 1819 Menandreae
547 1755 745 1838 desumatur,
775 1755 954 1818 accuratius
978 1753 1162 1839 circumspi-

147 1843 282 1927 ciamus„
306 1864 387 1928 quae
410 1842 445 1906 in
463 1843 519 1906 illa
534 1841 733 1908 comoediam
746 1865 894 1928 graecam
908 1865 1021 1926 sapere
1035 1843 1161 1908 videan-

147 1938 209 1997 tur.
246 1931 392 1997 Primum
410 1930 552 1997 animum
572 1932 718 1996 advertas
731 1932 831 1996 verba
845 1936 960 2016 poetae
975 1931 1010 1996 in
1023 1931 1161 2018 prologo

148 2020 235 2086 dicta
257 2044 285 2084 ι.
305 2023 346 2086 21
363 2043 432 2106 sqq.

215 2109 287 2194 ‘pro
311 2110 413 2175 fracta
437 2109 511 2174 navi
535 2109 622 2174 dicar
644 2109 811 2173 simulasse
835 2130 1032 2194 cupressum,

259 2203 351 2262 extra
374 2199 580 2282 propositum
603 2220 694 2262 musa
718 2197 858 2262 cucurrit
881 2197 950 2261 iter.

215 2308 293 2350 exeo
317 2286 519 2371 comoedum,
541 2287 622 2350 fines
644 2287 809 2351 comoedia
831 2285 948 2350 transit

258 2378 370 2439 nostra
393 2397 481 2458 suos,
505 2374 641 2438 miscens
664 2396 731 2438 non
753 2396 810 2439 sua
833 2374 932 2439 verba
955 2374 1040 2440 suis'

235 2462 340 2527 Multa
358 2462 459 2548 igitur
477 2461 606 2527 fabulae
625 2462 733 2526 addita
752 2485 834 2547 esse,
857 2485 938 2547 quae
953 2464 993 2527 ad
1007 2486 1078 2528 eam
1096 2486 1161 2528 non

147 2550 361 2635 pertinerent,
388 2555 486 2635 poeta
513 2551 697 2635 profitetur,
725 2555 758 2615 et
782 2551 895 2616 debuit
922 2552 1001 2616 haec
1029 2552 1162 2637 adicere,

147 2644 184 2705 ut
199 2662 327 2707 carmen
342 2639 486 2704 moribus
500 2639 619 2704 saeculi
634 2639 684 2705 sui
699 2640 875 2724 adaptaret.
913 2639 1031 2717 Quare
1046 2640 1161 2724 evenit,

148 2832 332 2889 stitucrcntur
359 2832 489 2903 Gregorii
516 2830 688 2886 Nazianzeni
715 2847 810 2901 opera.
847 2831 924 2897 Quae
952 2834 1004 2900 put
991 2832 1074 2887 tabat
1095 2848 1163 2888 vera

148 2919 210 2958 csse
227 2903 271 2957 Au
312 2906 371 2957 stus
390 2903 519 2957 Mainake
533 2902 606 2958 Men.
627 2904 656 2957 et
673 2901 791 2957 ΡιιιΙοιιι.
810 2900 910 2972 fragm.
929 2918 995 2972 pag.
1014 2902 1105 2957 XXIX
1120 2921 1161 2972 sq.

221 2974 248 3042 1)
291 2973 442 3028 estimonia
465 2973 602 3040 virorum,
631 2972 679 3041 qui
707 2972 742 3027 de
771 2989 805 3027 ea
832 2990 863 3029 re
886 2975 1018 3043 egerunt,
1046 2973 1164 3044 collegit

148 3042 305 3098 Ludovicus
338 3043 448 3098 Traube
482 3044 515 3099 ‘0
548 3016 637 3098 ltoina
666 3043 778 3099 nobilis.
817 3043 1028 3114 Philologischc
1060 3045 1159 3100 Unter-

150 3113 313 3184 euehungen
332 3131 382 3168 aas
397 3115 461 3169 dom
475 3114 655 3169 Mittelalter'
675 3131 740 3184 pag.
756 3120 804 3184 653
825 3114 933 3170 adicias
946 3115 1067 3171 Baebler
1088 3116 1162 3170 Bei-

148 3187 230 3254 trage
254 3202 304 3240 aur
322 3185 490 3241 Geschichte
514 3185 563 3240 dar
585 3185 636 3242 lat
655 3159 842 3240 Grammatik'
863 3203 928 3257 pag.
949 3191 1053 3242 67-73
1074 3189 1109 3257 (ι.
1130 3186 1162 3240 Ε.

148 3255 224 3324 Voig
226 3259 238 3310 t
253 3255 337 3311 ‘Berl
351 3255 489 3326 philolog.
503 3255 742 3311 Wochcnschrift'
765 3263 843 3327 1892,
861 3274 927 3328 pag.
942 3264 976 3313 49
992 3261 1044 3328 sq.)
1064 3260 1094 3312 et
1111 3256 1162 3313 Oa·

149 3272 240 3381 rolugm
259 3275 490 3381 Schaarschmidt
509 3327 658 3383 ‘Iohannes
678 3302 908 3384 Saresbcriensis’
929 3345 994 3398 pag
1011 3333 1161 3384 108-112.

149 3468 237 3524 verba
255 3467 492 3524 Graecorumtot
449 3470 579 3538 totasque
599 3398 1163 3539 fal)eliiisandia-ibinicriiitdihdllidiesndiit

149 3540 229 3596 velut
248 3540 282 3594 dc
301 3539 411 3595 tiresia
429 3539 501 3595 Iovis
520 3539 716 3609 Iunonisquc'
708 3487 830 3596 iudice
821 3541 852 3596 in
869 3539 1038 3610 antapodosi
1056 3540 1103 3608 111,
1119 3547 1162 3596 41

149 3396 316 3466 Exemplum
335 3396 511 3453 adiciendum
528 3414 589 3453 esse
603 3399 674 3452 Liud
