2634 3902
563 157 782 220 ..21-

169 321 204 380 ut
232 315 365 399 antiqua
392 315 554 380 interdum
588 317 824 398 evanescerent,
856 318 965 380 tamen
998 314 1181 379 comoediae

166 408 261 469 tenor
279 405 404 469 anticus
422 404 518 488 plane
538 402 637 468 deleri
658 425 725 469 non
744 402 866 489 potuit,
890 425 986 487 quem
1008 403 1043 467 in
1066 404 1181 468 ceteris

166 493 264 558 huius
296 493 411 557 aetatis
443 491 632 575 comoediis,
668 491 696 556 si
732 492 817 557 forte
850 491 1032 556 omittimus
1062 491 1182 558 Vitalis

167 604 279 666 opera,
302 581 423 646 frustra
446 603 588 665 quaeres,
623 580 773 645 Fortasse
804 602 921 664 operae
950 581 1011 645 erit
1038 581 1182 664 pretium

167 670 208 734 ab
237 669 290 755 iis,
318 691 399 755 quae
424 668 603 735 Guilelmus
630 674 686 734 aut
715 668 771 754 qui
800 672 1050 754 antecesserant,
1080 675 1181 734 muta-

166 763 294 843 verunt,
327 758 506 823 discernere
539 757 744 842 antiquitatis
773 757 938 843 reliquias3
971 761 1067 844 atque
1098 759 1181 823 miro

167 846 262 912 modo
286 847 485 913 comoediam
507 869 655 933 graecam
678 846 745 911 olet
768 846 869 911 totius
889 845 1024 911 actionis
1044 868 1181 912 summa:

166 935 346 1001 Meretricis
373 936 584 1021 pulcerrimae
614 957 722 1000 amore
749 935 968 1000 inflammatus
996 935 1182 1000 adulescens

164 1024 287 1090 nobilis
315 1025 371 1090 sed
398 1046 535 1109 pauper,
563 1046 636 1089 cum
663 1023 786 1089 nullam
812 1024 897 1089 votis
921 1023 988 1090 suis
1015 1046 1107 1108 spem
1135 1046 1182 1088 re-

166 1112 324 1197 spondere
347 1113 468 1198 videat,
492 1113 576 1178 servi
599 1113 723 1178 voracis
745 1134 886 1198 nequam
914 1112 1001 1178 foedi
1024 1112 1181 1177 auxilium

166 1201 326 1286 implorat.
364 1201 427 1279 Qui
450 1207 559 1267 tamen
581 1200 802 1267 fraudulenter
825 1223 924 1288 agens
944 1201 1181 1266 adulescentem

167 1295 200 1354 et
222 1295 350 1372 patrem
369 1290 438 1354 eius
457 1312 588 1355 avarum
606 1289 689 1355 dolis
711 1290 795 1355 ludit
813 1290 959 1375 nihilque
978 1290 1107 1374 proficit
1127 1312 1181 1355 ero

168 1377 365 1460 depereunti.
402 1377 545 1442 Tandem
568 1377 787 1444 adulescensa
804 1379 930 1443 nutrice
948 1378 1057 1443 vetula
1075 1380 1115 1443 ad
1128 1401 1182 1444 vo·

167 1470 276 1530 torum
299 1466 449 1531 effectum
473 1465 613 1550 ducitur,
640 1465 775 1530 mutatis
798 1465 885 1530 enim
908 1488 981 1531 cum
1003 1466 1182 1531 meretricis

166 1554 315 1618 ministra
337 1554 484 1619 vestibus
510 1517 740 1618 thalainum
713 1577 742 1618 ιι
766 1553 899 1619 introire
925 1553 1014 1640 licet,
1042 1555 1100 1619 ubi
1131 1555 1181 1618 de·

167 1642 320 1708 siderium
348 1642 506 1726 expletur.
543 1642 621 1708 Mox
649 1648 705 1707 aut
707 1665 758 1707 em
784 1665 836 1708 res
862 1647 921 1708 not
923 1643 1002 1708 escit
1034 1643 1182 1708 etfelioi

167 1731 234 1796 exit
235 1754 257 1796 u
220 1731 530 1797 adulescenti
450 1736 592 1818 tvrrgo
615 1731 721 1796 nubit.

255 1818 337 1885 Sane
356 1821 418 1886 hoc
441 1821 528 1905 quod
547 1821 689 1886 breviter
707 1820 852 1886 enarravi
867 1825 1094 1923 argumentum
1108 1843 1182 1886 cum

164 1907 266 1974 Aldae
290 1909 455 1974 comoedia
477 1931 544 1974 non
566 1909 662 1993 plane
682 1909 851 1992 consentit,
876 1910 997 2010 quippe
1016 1909 1068 1974 cui
1087 1910 1182 1993 plura

165 1997 276 2080 insint,
296 1996 430 2081 quaein
449 1997 614 2062 comoedia
632 2019 746 2083 graeca
765 1997 902 2084 cogitari
917 2001 1087 2082 nequeant.
1124 1996 1182 2062 At

166 2107 228 2170 que
252 2085 413 2168 imprimis
436 2106 591 2169 personas
614 2085 843 2150 transformare
863 2085 976 2149 debuit
995 2084 1093 2149 medii
1112 2086 1181 2150 aevi

165 2178 244 2259 poe
245 2195 264 2236 a
286 2173 473 2258 nonnullas,
495 2173 586 2238 velut
603 2195 664 2258 pro
682 2173 850 2237 meretrice
864 2172 1024 2259 virginem
1037 2172 1182 2238 nobilem

165 2263 316 2327 inducere
339 2261 545 2326 debebatt
467 2266 495 2345 t,
518 2262 662 2347 itemque
686 2262 742 2346 qui
761 2283 831 2326 eam
845 2267 916 2326 cust
902 2261 1022 2326 todiret
1008 2266 1101 2326 tnon
1115 2262 1181 2328 iam

165 2351 275 2435 potuit
299 2373 367 2416 esse
390 2350 478 2436 leno,
502 2351 558 2416 sed
580 2355 674 2435 pater
696 2350 845 2437 virginis,
870 2351 926 2436 qui
950 2351 1044 2416 obitu
1067 2351 1181 2416 matris

165 2440 252 2504 tristi
275 2440 467 2525 perterritus
490 2439 669 2526 filiam,ut
698 2439 838 2504 asimili
861 2440 1108 2524 fatotservaret,
1135 2440 1182 2505 in-

164 2528 268 2594 clusit.
305 2528 424 2593 Parent
410 2532 474 2613 tes,
506 2551 525 2592 a
552 2529 714 2629 quibust
716 2528 802 2594 otius
828 2528 1060 2594 narrationis
1051 2490 1183 2593 milium

165 2617 305 2702 sumpsit
328 2615 520 2702 Guilelmus,
548 2617 575 2682 si
603 2617 737 2682 modo
729 2640 763 2682 111
790 2617 939 2702 exemplo
964 2617 1179 2704 agebant,1n

163 2707 241 2791 fine,
265 2711 303 2770 ut
325 2705 511 2770 meretrix
502 2727 643 2792 ingenua
665 2710 742 2770 nata
766 2727 835 2771 esse
857 2708 1004 2770 nosceret
1005 2727 1056 2791 ur,
1085 2727 1181 2791 agere

164 2793 336 2859 debebant.
372 2793 483 2859 Etiam
506 2794 719 2859 adulescentis
744 2815 834 2858 soror
856 2816 935 2858 num
958 2794 993 2857 in
1016 2793 1181 2858 comoedia

165 2903 279 2967 graeca
302 2883 414 2968 fuerit,
437 2882 580 2948 dubitari
602 2882 692 2968 licet,
715 2882 830 2947 melius
850 2904 920 2947 eam
939 2903 1063 2946 servam
1082 2903 1180 2946 mere-

164 2970 254 3034 tricis
273 2971 371 3036 firisse
390 2993 500 3056 ponas.
539 2969 677 3036 Omnino
696 2971 799 3036 totius
817 2970 947 3036 fabulae
961 2971 1046 3036 actio
1061 2970 1095 3035 in
1112 2971 1180 3036 lon-

164 3081 243 3146 gum
262 3059 412 3124 distrahit
398 3064 452 3124 tur
469 3059 503 3126 in
517 3060 683 3125 comoedia
706 3060 847 3147 elegiaca
870 3060 968 3125 medii
991 3059 1074 3145 aevi,
1099 3080 1180 3144 quae

163 3169 296 3212 scaenae
327 3168 395 3213 non
426 3152 476 3212 est
507 3149 588 3214 dest
564 3152 673 3214 ttarna
633 3149 848 3214 Restant
792 3149 940 3236 antigit
941 3171 980 3213 ur
1007 3169 1179 3232 personae·

163 3236 316 3302 meretrix
338 3235 459 3338 pulerit
446 3236 556 3301 tudine
581 3237 752 3339 excellens,
776 3237 961 3302 adulescens
979 3236 1101 3302 nobilis
1124 3235 1180 3300 sed

162 3347 288 3410 pauper
317 3325 385 3389 eius
413 3329 550 3410 amator3
581 3326 826 3410 pater1uvenis
854 3349 968 3390 avarus
995 3325 1140 3390 ludificat
1126 3330 1179 3390 tus

162 3436 181 3478 a
209 3414 323 3479 iuvene
356 3417 389 3478 et
417 3435 522 3499 servo,
554 3436 664 3479 servus
692 3414 772 3480 edax
801 3420 834 3480 et
861 3414 1078 3499 foedissimus,
1110 3413 1179 3476 eius

163 3503 278 3590 amica3
292 3525 372 3568 anus
386 3503 498 3568 fraude
513 3502 667 3568 adiuvans
679 3509 853 3589 amantem3
867 3503 983 3568 ancilla
993 3499 1179 3567 meretricis.
