2634 3902
534 143 754 206 ,22-

226 297 260 363 Si
285 321 366 382 quae
385 299 424 362 de
443 299 622 364 mutatione
646 323 857 384 personarum
880 300 1030 366 adnotavi
1054 303 1154 387 respi-

138 390 248 474 cimus,
272 392 499 474 argumentum
522 388 705 453 comoediae
723 411 856 476 graecae
876 388 1081 474 aptissimum
1099 392 1153 457 hic

136 479 237 543 latere
266 477 484 542 confitendum
512 481 572 562 est,
603 499 707 562 neque
735 478 874 544 multum
902 479 989 543 illius
1017 479 1153 546 actionis

137 571 286 631 naturam
309 566 482 630 abhorrere
507 566 661 631 concedes
684 567 725 631 ab
745 567 798 652 iis,
822 589 904 652 quae
923 568 962 632 de
975 568 1152 634 Menandro

139 660 171 720 et
195 678 234 719 ex
257 654 496 720 imitationibus
518 654 739 720 Romanorum
763 659 795 719 et
819 678 859 720 ex
882 656 988 740 ipsius
1005 657 1152 742 reliquiis

138 744 264 809 scimus.
302 743 418 808 Totam
436 748 546 808 autem
564 744 709 809 fabulam
727 749 893 829 tamquam
912 745 947 809 in
965 745 1093 810 cardine
1108 747 1152 810 vi-

137 833 249 898 demus
272 832 354 897 verti
373 832 408 896 in
425 832 482 896 illa
501 855 549 918 re,
573 834 659 919 quod
678 833 864 898 adulescens
883 833 930 896 ita
948 834 1093 919 vestitus,
1116 839 1151 899 ut

136 944 232 987 sexus
257 921 402 1008 dignosci
425 925 578 1006 nequeat,
605 921 724 1008 virgini
748 923 867 987 insciae
894 922 960 987 vim
982 923 1096 1007 infert,
1119 928 1151 988 et

137 1011 198 1074 hae
221 1010 307 1075 vices
331 1009 502 1074 ‘masculae
521 1010 670 1096 virginis’
694 1011 760 1074 sive
780 1011 961 1097 androgyni
980 1033 1092 1076 rursus
1111 1013 1152 1090 ad

135 1098 304 1164 Menandri
319 1098 517 1163 comoediam
530 1102 697 1183 tamquam
707 1099 893 1182 exemplum
903 1099 1045 1183 primum
1054 1100 1152 1166 huius

136 1187 288 1252 carminis
319 1209 379 1252 nos
412 1193 563 1252 revocant
571 1185 605 1274 ¹).
647 1186 710 1253 Sed
739 1187 774 1251 in
802 1187 954 1252 Guilelmi
987 1189 1151 1254 comoedia

134 1277 195 1340 hae
209 1275 413 1360 antiquitatis
428 1276 582 1361 reliquiae
597 1277 827 1361 opprimuntur
840 1277 907 1341 fere
924 1277 1151 1342 additamentis

134 1364 232 1430 medii
251 1365 329 1448 aevi,
349 1368 385 1429 ut
403 1364 458 1428 vix
472 1365 576 1430 forma
590 1365 697 1450 prisca
711 1366 842 1430 eluceat.
857 1365 992 1432 Utinam
1005 1366 1151 1432 fabulam

135 1453 280 1537 quamvis
304 1453 469 1519 ‘rusticam
488 1457 521 1518 et
540 1454 678 1519 exulem’
697 1459 795 1538 poeta
814 1458 972 1520 servasset
990 1455 1150 1540 nobisque

134 1542 332 1627 tradidisset,
356 1544 485 1626 qualem
507 1543 578 1627 ipse
602 1543 739 1627 accepit!

223 1629 286 1696 Sed
308 1631 387 1696 haec
409 1630 609 1718 hactenus2).
645 1631 792 1696 Alteram
809 1629 912 1696 Aldae
931 1632 1061 1697 fabulae
1084 1655 1152 1698 non

135 1718 325 1784 dissimilem
347 1720 565 1784 narrationem
589 1723 625 1784 ut
643 1724 818 1785 tractemus
837 1723 947 1806 restat,
967 1721 1097 1786 obviam
1115 1722 1150 1787 in

135 1807 312 1891 exemplari
342 1807 420 1873 libri
453 1808 703 1896 divulgatissimi
736 1808 902 1874 ‘historiae
929 1809 992 1874 VII
1025 1810 1149 1895 sapien·

133 1893 279 1983 tium’ss),
307 1896 526 1963 narrationem
554 1897 625 1963 dico
653 1899 704 1962 ‘de
732 1898 846 1963 iuvene
877 1898 1029 1963 muliebri
1059 1904 1149 1964 veste
1194 1985 1200 1994 ⁸

134 2023 348 2031 ---—-————.

206 2091 233 2161 1)
252 2089 329 2155 Quae
357 2090 392 2145 de
416 2091 564 2146 Menandri
592 2090 738 2146 comoedia
766 2092 931 2160 supersunt,
959 2091 1147 2161 comparatio·

132 2177 197 2215 nem
223 2161 299 2216 inter
317 2164 465 2231 utramque
488 2178 545 2217 non
568 2161 736 2229 admittunt,
756 2164 852 2217 tamen
875 2161 984 2217 nullum
1007 2163 1147 2232 fragmen-

132 2234 194 2286 tum
212 2232 257 2299 iis,
276 2249 348 2301 quae
367 2232 398 2286 in
416 2233 491 2287 Alda
509 2236 672 2302 narrantur,
692 2250 749 2288 non
766 2234 927 2303 respondet.
963 2233 1051 2288 Velut
1070 2233 1094 2287 si
1113 2249 1148 2289 ex

132 2302 273 2357 Athenaei
287 2310 311 2371 6,
328 2309 378 2358 243
389 2303 415 2357 b.
435 2304 479 2373 (fr.
495 2311 529 2358 56
549 2303 638 2371 Kock)
661 2305 831 2375 μνημονεύει
849 2302 1039 2375 (Μένανδρος)
1059 2306 1147 2359 αὐτοῦ

133 2377 343 2444 (Χαιρεφῶντος
360 2382 410 2428 τοῦ
429 2377 596 2444 παρασίτου)
616 2375 664 2430 καὶ
683 2371 714 2430 ἐν
730 2371 901 2448 Ἀνδρογύνῳ
916 2373 933 2443 ἢ
949 2377 1041 2444 Κρητί
1055 2374 1085 2429 in
1101 2392 1147 2430 co-

132 2443 246 2498 moedia
278 2443 391 2499 affuisse
421 2444 579 2514 parasitum
602 2446 807 2515 concludimus,
834 2445 865 2500 in
888 2445 962 2500 Alda
985 2446 1020 2501 de
1045 2445 1146 2516 Spurio

133 2514 267 2569 dicuntur
279 2515 375 2584 plura,
394 2531 467 2584 quae
481 2515 634 2584 parasitum
649 2516 741 2586 magis
757 2533 841 2585 quam
857 2534 967 2572 servum
987 2517 1096 2585 decent,
1115 2522 1148 2572 ut

132 2585 254 2640 fortasse
273 2601 308 2640 ex
326 2587 459 2655 utroque,
477 2588 604 2656 parasito
619 2590 648 2642 et
662 2604 751 2653 servo,
770 2588 841 2642 haec
860 2605 980 2657 persona
1000 2587 1146 2644 coaluerit.

133 2656 234 2711 Cetera
251 2656 411 2727 fragmenta
430 2658 585 2714 sententias
603 2659 768 2728 plerumque
787 2675 948 2713 communes
967 2659 1108 2714 exhibent.

204 2730 232 2798 2)
252 2726 428 2785 conferenda
446 2731 512 2784 sunt
526 2730 705 2798 aliquatenus
719 2728 840 2784 Achillis
856 2731 885 2783 et
898 2729 1061 2784 Deidamiae
1075 2729 1145 2798 fata,

133 2815 205 2866 quae
225 2798 363 2869 originem
378 2801 494 2870 sapiunt
511 2801 709 2866 recentiorem
729 2800 794 2855 vide
808 2800 951 2854 Erwinum
965 2801 1064 2856 Rolrde
1080 2801 1149 2855 ‘Der

132 2869 238 2938 grisoli
257 2871 387 2927 Roman?
403 2889 468 2954 pag.
486 2878 544 2940 102,
564 2873 621 2928 not.
637 2880 661 2928 2.
694 2871 772 2927 Haec
786 2872 884 2926 fabula
897 2871 991 2926 medio
1006 2888 1076 2926 aero
1090 2888 1149 2926 non

132 2939 232 3064 dgssola
251 2943 313 3066 artat
331 2943 492 3065 ettsaeprqrs
510 2944 699 3068 trabcbtabatuu
724 2942 759 2998 cf.
778 2942 866 2997 etiam
883 2942 969 2997 Alani
988 2943 1024 2996 ab
1043 2942 1147 2997 insulis

153 3025 168 3064 e
218 3027 441 3067 ancunaurae
475 3031 526 3077 ,u

186 3029 254 3137 qinon
271 3083 356 3138 modo
370 3081 482 3138 Pelides
496 3083 633 3139 mentitur
646 3085 774 3154 (metitur
788 3085 836 3141 ed.
851 3085 873 3139 L
874 3083 1008 3209 teyssri)
1027 3083 1147 3153 virginis

842 3173 873 3209 ar
886 3174 919 3210 us

257 3226 289 3277 ut
308 3224 348 3279 sio
366 3225 524 3294 virginibus
544 3243 573 3281 se
591 3226 693 3296 probet
711 3242 773 3282 esse
791 3226 905 3284 virum'.
925 3200 932 3225 l

204 3299 231 3361 3)
251 3294 398 3351 Editiones
427 3299 456 3351 et
484 3297 697 3353 dissertationes
726 3298 843 3367 collegit
865 3297 970 3352 Paulus
993 3295 1092 3352 Caesel
1116 3295 1148 3351 in

135 3363 264 3420 ‘Misehle
285 3365 419 3436 Sindbad,
440 3368 595 3438 Secundus,
616 3369 699 3438 Synti
720 3387 763 3438 as,
782 3367 948 3438 Einleitung
965 3387 993 3423 u.
1011 3368 1147 3436 Deutung

132 3433 182 3490 des
210 3436 320 3563 Buqhes
350 3438 399 3493 der
425 3437 527 3494 Sieben
549 3439 654 3495 weisen
707 3439 804 3496 eister’
831 3439 921 3508 18919,
949 3455 1014 3508 pag.
1035 3445 1069 3493 24
1084 3455 1146 3507 sqq.

127 3522 197 3562 eum
215 3524 252 3563 no
268 3526 299 3566 rs.
