2634 3902
577 113 875 216 -74..‘

181 309 329 392 miratur,
353 309 457 374 sociae
480 309 620 374 reditum
644 331 724 393 quae
749 333 843 375 causa
865 315 1021 396 moretur3

226 421 285 482 pro
310 397 396 462 socia
419 399 541 463 socium
564 397 642 462 dans
665 398 729 462 sibi
751 399 897 483 Pyrrhus
919 399 1018 465 adest.

182 486 286 551 haesit
310 485 344 550 in
367 492 500 571 aspectu
523 486 628 570 primo
653 488 854 571 quodamque
878 492 1011 572 stupore

127 594 169 634 rao
227 575 333 658 optati
356 575 465 641 vultus
487 596 607 640 numen
630 576 741 640 adorat
764 599 882 640 amans.

181 663 324 728 immotis
347 664 458 729 haeret
481 664 583 729 oeulis
606 686 781 748 suspensus
804 665 839 729 in
861 665 917 729 illa

226 757 258 817 ct
281 756 445 836 temptans
468 753 509 817 ab
534 774 571 817 ea
594 775 628 817 se
651 774 798 818 revocare
821 753 942 838 nequit.

180 841 317 905 fascinat
341 845 373 905 et
397 841 530 925 cupidos
554 841 730 925 spectantis
752 841 873 907 inescat
896 843 1016 908 ocellos

224 951 360 994 vernans
383 929 417 994 in
439 935 550 995 tenero
573 929 709 1016 virginis
732 952 786 995 ore
810 930 912 996 decor.

124 1037 167 1077 ras
180 1039 282 1102 paene
305 1023 505 1083 recurrentes
528 1017 797 1104 indignantesque
820 1019 941 1084 moveri

225 1105 345 1170 invitus
368 1111 497 1171 revocat
520 1106 656 1190 denique
679 1106 824 1192 Pyrrhus
848 1131 910 1173 eos.

180 1216 248 1258 rem
271 1197 400 1277 poterat
422 1195 514 1280 virgo
539 1195 689 1279 sensisse,
712 1197 768 1260 sed
791 1196 920 1262 adiuvat
944 1201 1041 1282 atque

224 1287 395 1366 prosperat
418 1283 490 1367 ipsa
513 1284 563 1349 sui
587 1283 796 1368 simplicitate
820 1285 937 1350 dolum.

180 1371 303 1435 accedit
325 1373 461 1456 propius
483 1373 642 1457 Pyrrhus,
664 1373 720 1437 vix
743 1373 848 1438 dulcia
871 1373 978 1438 differt
1036 1400 1038 1404 ¹

120 1479 166 1520 aco
224 1459 332 1525 oscula
354 1461 473 1546 vixque
495 1463 601 1527 virum
624 1461 824 1526 dissimulare
847 1466 964 1547 potest.

180 1569 216 1612 os
240 1548 288 1613 ori
311 1551 446 1634 propius
469 1551 581 1634 infert,
604 1554 641 1615 ut
664 1551 705 1614 ab
730 1573 784 1615 ore
807 1550 971 1634 loquentis

222 1637 322 1701 verba
345 1638 452 1724 bibat,
476 1640 625 1723 quotiens
648 1637 763 1723 incipit
786 1637 870 1702 Alda
892 1638 990 1723 loqui.

179 1746 246 1789 rem
270 1731 446 1810 peragente
469 1727 553 1809 loco,
576 1727 681 1790 fraudi
704 1728 883 1811 spondente
906 1729 1049 1794 favorem

223 1816 419 1896 eventusque
443 1815 546 1879 bonos
569 1817 716 1897 tempore
739 1815 884 1898 Pyrrhus
907 1816 966 1881 ait:

118 1919 165 1960 aas
180 1897 231 1964 ‘ne
254 1900 394 1966 fateatur
417 1924 500 1988 opus
523 1903 655 1968 infidam
677 1925 728 1968 me
751 1903 827 1989 tibi,
850 1905 915 1969 fida

223 2011 242 2053 o
267 2011 386 2075 comeS,
409 1991 569 2057 invideam
593 1991 620 2056 si
644 1992 707 2057 tibi
730 1992 811 2057 scire
834 2015 955 2078 meum,

178 2076 264 2142 disce
287 2081 373 2163 quod
396 2080 545 2165 addidici;
569 2103 640 2145 mea
664 2081 750 2164 quod
772 2080 853 2144 mihi
876 2081 986 2146 sedula
1008 2083 1120 2147 nutrix

247 2312 300 2361 422
323 2310 434 2362 contem
455 2307 516 2360 lans
611 2313 663 2362 429
687 2307 782 2362 Pinus
805 2307 920 2379 propius
1011 2316 1064 2365 4³5
1088 2316 1113 2368 et
1136 2317 1190 2367 436

178 2377 275 2432 desum
293 2379 325 2432 c'a
343 2378 406 2431 LV

198 2638 204 2650 ι
247 2575 300 2625 428
327 2570 403 2652 ipsa]
426 2572 472 2641 ipe
497 2573 529 2626 X
552 2601 583 2612 -
609 2572 728 2698 midjan
747 2591 797 2628 sua
816 2575 851 2641 cf.
870 2592 895 2630 o.
915 2579 970 2630 536
994 2605 1028 2656 ''.
1046 2580 1187 2657 43111440-

175 2640 252 2712 pms]
267 2657 396 2711 proprius
411 2644 450 2699 Μ
465 2674 497 2684 -
517 2649 569 2699 433
584 2643 646 2699 frsu
679 2644 803 2715 ]fraude
817 2646 852 2699 H
866 2675 901 2687 -
920 2645 1192 2717 437m1hr]t1b1H

317 2839 383 2894 alda
402 2838 471 2909 (m.²)
602 2838 641 2893 sit
658 2838 734 2907 quod
753 2839 822 2909 (rost)

245 2915 297 2964 417
317 2911 436 2964 miratur
490 2909 529 2964 W
546 2939 578 2949 -—
598 2926 671 2978 qnae
690 2926 775 2964 causa
834 2910 873 2965 W
888 2942 922 2952 -
941 2919 979 2978 aa
998 2911 1067 2966 dans
1082 2912 1189 2968 sotium

583 2980 674 3050 pirrus
689 2981 759 3051 (m.⁹)

173 3050 206 3104 s'a
223 3065 310 3120 moly.
334 3050 373 3105 W
388 3049 437 3106 m.¹
456 3081 489 3090 -
506 3054 560 3130 419
579 3050 672 3152 1124ξῆ
768 3052 806 3106 W
828 3084 860 3093 -
886 3051 1076 3126 quodamque]
1097 3055 1187 3122 quod·

172 3188 291 3240 cumque
315 3174 341 3227 V
358 3206 391 3215 -
410 3179 463 3228 420
482 3138 579 3229 ἓξὲξ
589 3123 659 3192 (m')
679 3175 718 3229 W
733 3206 767 3216 -
786 3181 838 3257 422
854 3175 1046 3245 contemplans
1076 3178 1187 3244 ytem-

173 3243 255 3312 plans
275 3244 303 3298 V
318 3246 348 3298 st
361 3247 474 3299 tentans
489 3247 526 3301 M
542 3278 575 3287 -
594 3251 647 3300 424
660 3245 691 3299 in
704 3247 813 3317 tenero]
829 3248 940 3301 interno
954 3247 1017 3301 LV
1077 3279 1113 3289 —
1131 3253 1186 3304 425

173 3315 314 3421 ilioiiilos
335 3315 403 3384 (m.’)
422 3368 460 3420 W
481 3399 514 3408 -
537 3374 589 3424 427
612 3366 693 3436 virgo
712 3369 844 3440 sensisse]
869 3317 989 3425 saiisisse
1011 3335 1092 3442 virgo
1114 3389 1186 3429 corr.

172 3491 231 3557 ipae
250 3489 344 3544 librar.
364 3489 391 3542 L
410 3519 443 3528 -
466 3494 519 3544 428
537 3489 613 3561 ipsa]
637 3490 689 3559 ipsi
715 3491 743 3545 V
765 3523 795 3532 -
819 3499 871 3547 437
891 3441 997 3572 edidici
1021 3495 1048 3548 V
