2634 3902
600 161 821 226 -53-

206 324 422 405 promptaque
444 319 561 384 luctari
584 319 704 384 sociam
726 318 910 384 luctaminis
933 319 1050 403 ambit,

250 409 336 492 quod
358 412 466 472 tecum
489 407 580 493 lusit,
603 408 665 472 hoc
688 408 751 472 sibi
773 407 861 472 lucta
884 407 955 471 fuit.

151 516 191 557 555
206 501 282 580 5555
305 497 435 561 crebros
457 496 559 581 igitur
582 496 666 561 ictus
689 496 865 580 sudataque
889 496 1028 561 multum

248 585 373 669 proelia
395 585 568 668 praesudat
590 585 707 650 hausta
729 585 841 649 labore
864 606 931 649 suo.

204 679 282 738 tunc
304 673 431 758 patitur
453 673 608 756 quaedam
631 673 760 738 fastidia
783 695 920 757 cumque
943 677 1082 738 tremore

247 762 372 827 victrici
396 761 492 827 solvit
516 761 613 848 digna
636 762 762 826 tributa
784 783 868 826 suae.

203 856 281 915 tunc
304 851 393 916 sedet
415 850 471 914 ifle
493 853 614 935 tumor,
637 851 758 934 pendet
780 850 870 936 rigor
892 854 966 915 ante
990 852 1164 935 superbus,

150 959 190 1000 515
247 939 345 1024 inque
368 961 444 1004 suos
465 938 600 1025 languet
623 938 723 1002 cauda
745 938 873 1003 redacta
896 939 1004 1003 sinus'

203 1027 340 1110 dixerat,
364 1028 398 1092 in
421 1027 579 1113 gemitum
601 1031 716 1110 pectus
738 1027 839 1092 trahit
861 1026 958 1111 Alda,
980 1028 1145 1112 loquentis

246 1116 380 1180 vocibus
403 1115 539 1180 innectit
562 1115 793 1200 continuatque
818 1137 903 1180 suas:

202 1205 271 1268 ‘vae
294 1204 372 1289 tibi,
395 1225 492 1288 parca
514 1203 625 1290 nimis,
648 1225 774 1288 pauper
796 1203 934 1269 feliciter
956 1226 1054 1287 esses,

246 1292 273 1357 si
292 1296 350 1357 tua
373 1293 545 1357 caudarum
568 1293 709 1357 maxima
733 1293 832 1357 cauda
854 1292 959 1358 foret?

147 1401 187 1442 515
201 1380 354 1446 iocundos
376 1381 513 1446 Veneris
535 1382 599 1446 iam
622 1381 826 1446 continuerat
848 1381 883 1445 in
905 1403 982 1446 usus

246 1475 371 1555 septem
394 1493 467 1536 cum
489 1470 626 1536 totidem
648 1470 800 1535 noctibus
822 1469 878 1534 ille
901 1470 982 1554 dies3

200 1559 354 1624 festinum
377 1559 538 1644 spondens
561 1559 713 1644 reditum,
735 1581 775 1623 ne
798 1558 906 1622 tristia
927 1558 1021 1623 laetis

246 1648 429 1730 succedant,
453 1646 580 1712 blandis
602 1669 728 1731 aspera,
751 1646 896 1731 Pyrrhus
920 1647 997 1712 abit.

201 1736 357 1818 quaedam
379 1735 511 1800 victoris
534 1737 676 1818 praefert
699 1736 852 1822 insignia,
876 1735 1014 1819 quodam

146 1842 186 1882 cao
243 1823 387 1887 luxuriat
409 1823 497 1887 fastu
519 1824 608 1887 frons
630 1823 769 1889 hilarata
791 1847 883 1889 novo.

199 1911 233 1975 in
256 1911 337 1976 facie
359 1911 443 1976 ridet
465 1911 603 1996 animus,
626 1914 829 1998 frontemque
853 1934 1001 1977 serenans

243 2001 279 2065 in
300 2000 392 2065 vultu
417 2003 547 2084 poterat
569 2023 660 2066 mens
682 2002 819 2066 hilarata
842 2001 916 2087 legi.

199 2089 326 2176 colligit
348 2089 383 2153 in
405 2089 520 2154 faciem
543 2094 684 2155 mentem
707 2111 862 2175 casusque
886 2089 1041 2154 secundos

270 2270 321 2320 505
339 2281 390 2334 555
408 2264 519 2320 crebros
587 2270 639 2319 513
658 2265 749 2320 ventri
766 2279 852 2333 parca
868 2263 954 2318 nimis
1018 2269 1069 2319 517
1089 2264 1214 2334 spondet

198 2335 320 2390 reditum
393 2342 444 2391 519
462 2338 598 2406 praesunt
615 2335 739 2405 insignia
811 2341 862 2390 523
881 2334 1002 2390 insacia
1021 2337 1147 2389 mentem

268 2500 321 2549 507
340 2494 460 2567 5551551]
475 2494 582 2565 5551551
600 2495 655 2550 Wr
673 2527 706 2536 -
727 2500 777 2549 500
793 2494 884 2566 sedet]
900 2494 980 2548 sedat
998 2493 1054 2548 Wr
1072 2525 1105 2534 -
1127 2496 1207 2566 ante]

197 2565 248 2619 1115
268 2567 299 2619 X
316 2596 350 2605 -
369 2571 420 2620 511
440 2565 483 2637 15]
503 2568 532 2620 55
552 2567 584 2620 X
605 2595 638 2607 —
663 2571 715 2621 515
734 2565 912 2620 continuerat
929 2564 972 2636 in]
991 2563 1209 2621 continuaverat

199 2637 230 2689 X
249 2666 283 2676 —
308 2642 359 2691 517
378 2635 529 2762 1555155111]
542 2629 677 2692 festivum
697 2638 729 2690 X
750 2668 784 2678 —
807 2635 961 2707 spondens]
982 2635 1103 2704 spondet
1121 2637 1156 2690 H
1172 2667 1206 2678 -

197 2712 248 2762 521
268 2707 457 2780 frontemque]
477 2725 510 2761 su
548 2708 641 2763 fronte
656 2709 688 2762 X
705 2739 739 2749 —
758 2712 809 2762 522
828 2707 952 2777 poterat]
970 2705 1077 2776 poterit
1094 2708 1109 2761 b

268 2872 321 2922 504
339 2867 393 2922 1155
412 2866 479 2937 sibi]
498 2867 569 2920 haec
589 2866 643 2920 sibi
661 2867 700 2919 W
715 2865 835 2938 -·fuit]
858 2865 934 2934 lugit
951 2865 990 2921 W
1010 2897 1044 2907 -
1067 2871 1119 2921 505
1134 2865 1209 2920 ictus

195 2936 206 2989 i
229 2955 263 2992 ec
290 2954 308 2991 5
330 2955 399 2993 corr.
426 2938 462 2990 W
490 2967 522 2977 -
552 2942 604 2991 506
629 2937 795 3018 praesudat]
820 2937 936 2991 resudat
966 2935 1066 2991 WWr
1093 2967 1127 2976 -
1155 2942 1208 2992 513

194 3009 292 3077 55155]
307 3010 391 3076 55555
411 3010 446 3061 W
462 3037 494 3046 —
513 3022 566 3060 vae
580 3006 644 3076 tibi,
656 3025 751 3078 55155,
768 3009 851 3062 mmis
870 3022 990 3076 pauper,
1007 3005 1118 3062 felicior
1132 3023 1210 3061 esses

193 3079 325 3146 proponit
336 3079 520 3157 515555155-
533 3083 596 3146 poet
606 3083 660 3134 514
674 3081 801 3149 loquatur
814 3081 846 3134 irc
854 3080 910 3134 5555
920 3079 1010 3134 codice
1023 3078 1062 3132 W
1070 3079 1101 3133 51
1113 3094 1210 3134 versus

408 3185 450 3240 Vc
469 3164 497 3241 dr
515 3200 551 3265 ue
570 3183 671 3239 misere
691 3184 780 3239 5115515
798 3184 904 3239 felitior
923 3189 985 3240 e’em

462 3292 492 3346 Si
510 3271 539 3348 rii
558 3291 676 3357 55511511
692 3298 788 3346 maxia
806 3290 897 3345 ccuda
915 3289 989 3345 foret

196 3380 247 3431 517
267 3375 414 3449 festinum]
430 3379 562 3434 festivum
582 3380 620 3434 W
636 3411 671 3420 -
690 3384 741 3433 512
760 3379 907 3449 praesunt]
926 3379 993 3448 post
1006 3379 1072 3432 sunt
1089 3379 1207 3433 55555555

195 3462 250 3501 555.
271 3448 441 3532 1555555555
459 3453 694 3518 relictumpostea
712 3451 806 3518 impos.
830 3449 869 3504 W
883 3480 917 3490 -
937 3455 989 3504 523
1008 3448 1157 3520 casusque]
1178 3466 1206 3517 q;

195 3518 244 3571 sub
264 3533 331 3572 cera.
351 3519 461 3574 cddsds’t
483 3520 521 3573 W
535 3521 588 3592 m.¹¹
