2634 3902
541 163 760 228 -65-

137 323 306 406 omnibus,
330 325 366 385 ut
390 319 531 386 breviter
553 321 679 405 loquer,
703 321 810 385 omnia
832 321 943 386 vendit
965 321 1106 388 habendi

185 411 379 496 imperiosus
402 430 504 495 amor,
529 409 635 473 omnia
658 431 774 474 munus
797 409 883 474 emit.
907 447 951 456 —

139 500 280 584 miraris,
305 519 458 583 quorsum
481 498 592 562 tendat
616 497 771 584 digressio
794 498 897 563 nostri

187 587 358 670 sermonis,
381 586 491 650 videor
514 608 640 651 currere
663 590 792 670 praeter
814 587 884 651 iter.

137 677 265 762 accipe,
288 698 352 760 quo
376 675 487 740 tendat
509 675 561 739 vel
584 675 661 759 quid
683 675 762 739 velit
784 675 927 740 ambitus
948 675 1010 740 iste

187 765 356 849 sermonis,
378 785 482 847 neque
506 763 592 828 enim
616 763 705 828 deest
727 785 785 828 sua
807 785 902 829 causa
924 763 997 828 sibi.

140 876 218 920 nam
241 853 324 918 sieut
346 856 510 936 nequeunt
534 852 602 917 sine
625 873 756 916 munere
779 852 911 916 numina
933 853 1033 937 flecti,

187 943 233 1007 sic
256 941 324 1006 sine
347 941 535 1006 muneribus
557 940 646 1005 nulla
669 940 778 1025 puelia
801 941 886 1025 oapi;

140 1030 392 1115 exemplumque
415 1029 492 1095 mali
517 1029 634 1094 dociles
657 1029 839 1113 imitantur,
862 1051 1015 1115 amorque

188 1119 343 1203 muneris,
367 1122 404 1182 ut
425 1117 536 1182 vendit
559 1122 677 1202 cetera,
700 1118 810 1183 vendit
834 1141 894 1184 eas.

141 1230 211 1274 non
232 1229 335 1294 genus
357 1210 413 1270 eut
436 1206 573 1270 formam
596 1228 741 1271 moresve
763 1205 899 1291 requirit
922 1207 1060 1273 amantis

188 1296 321 1380 femina3
344 1295 382 1359 de
406 1295 511 1379 pretio
535 1299 584 1360 est
607 1296 752 1379 quaestio
776 1296 881 1379 prima
899 1317 965 1360 suo.

141 1407 210 1450 non
233 1385 377 1468 dantem,
399 1383 455 1448 sed
477 1405 594 1448 munus
617 1387 717 1466 amet,
739 1383 873 1447 metitur
895 1405 1037 1448 amorem

190 1495 229 1537 ex
253 1472 350 1557 dono;
373 1477 530 1557 quantum
553 1472 664 1557 donet,
687 1475 813 1537 amatur
835 1493 952 1535 amans.

143 1561 221 1626 hinc
244 1559 384 1645 Spurcae
405 1560 525 1628 vilosco
544 1581 647 1644 meae,
670 1560 743 1645 quia
766 1559 831 1624 iam
853 1558 1007 1645 spoliato,

190 1671 272 1735 quae
294 1649 388 1713 vendi
411 1650 529 1735 possit,
552 1653 601 1714 est
622 1654 700 1735 toga
721 1648 811 1713 1111111
834 1648 922 1712 mihi.

142 1740 196 1804 fac
219 1737 321 1826 igitur
343 1738 454 1802 mittas
476 1736 592 1822 didas,
615 1737 702 1824 quod
724 1737 859 1803 fascinet
882 1737 950 1802 eius

191 1828 379 1911 fureturque
402 1827 545 1891 animum
568 1827 780 1912 concilietque
804 1826 879 1911 tibi3

144 1915 370 2000 primitiasque
393 1915 443 1980 tui
465 1915 633 2000 pastillum
655 1920 761 1980 sumat
784 1915 914 1998 amoris,

192 2025 286 2068 omen
309 2003 422 2088 habet,
445 2003 567 2088 poterit
590 2003 712 2067 talibus
735 2001 819 2067 Alda
842 2003 922 2087 capi.

145 2093 319 2157 verborum
341 2091 502 2157 includam
526 2091 681 2176 quaedam
703 2094 878 2172 tormenta,
901 2113 1064 2176 novosque

219 2325 272 2374 233
290 2335 342 2374 nec
361 2319 436 2375 enim
526 2325 578 2374 245
597 2319 733 2374 mentitur
752 2334 876 2373 amorem
966 2323 1018 2375 243
1037 2319 1159 2374 vendere

150 2406 237 2459 quam
254 2390 345 2459 possit

221 2601 406 2672 23310quar]
426 2601 505 2656 loear
525 2603 557 2656 X
582 2634 615 2644 -
641 2602 778 2675 habendi]
797 2603 915 2657 habenti
935 2604 967 2657 X
990 2634 1023 2644 -
1047 2603 1165 2658 235111-

148 2673 270 2744 gressio]
291 2672 443 2742 disgressio
462 2675 497 2729 H
522 2704 555 2712 -
584 2680 635 2728 239
654 2691 720 2727 nam
739 2673 813 2728 sicut
830 2674 986 2746 nequeunt]
1010 2673 1084 2728 sieut
1105 2691 1163 2729 non

151 2745 272 2814 possunt
288 2745 338 2798 Xb
358 2774 392 2784 —
411 2750 462 2799 241
482 2743 709 2814 exemplumque]
729 2744 920 2813 exemplisque
933 2746 968 2799 H
983 2773 1017 2784 -
1037 2751 1163 2799 243110-

152 2816 245 2886 resve]
267 2813 426 2869 studiumve
445 2817 461 2872 b
480 2847 515 2856 —
534 2822 586 2870 247
606 2814 741 2887 spurcae]
761 2817 855 2883 spurte
874 2815 909 2869 H
923 2821 949 2870 ct
966 2817 1006 2871 sic
1020 2817 1126 2885 possim

226 3051 277 3100 233
303 3045 416 3116 loquer]
444 3043 545 3114 loquor
562 3045 590 3098 P
615 3075 649 3085 —
677 3044 813 3116 habendi]
836 3044 957 3100 habenti
984 3046 1024 3100 W
1048 3077 1081 3086 -
1110 3052 1163 3101 234

154 3115 267 3188 munus]
287 3133 417 3170 nummus
431 3115 459 3169 P
476 3147 509 3157 -
528 3121 580 3170 235
600 3115 749 3187 digressio]
768 3115 928 3185 progressio
950 3117 974 3171 V
992 3147 1025 3158 -
1044 3123 1096 3171 239
1115 3134 1162 3171 ne-

151 3239 272 3311 queunt]
291 3241 434 3308 nequeant
451 3241 479 3295 L
501 3270 535 3281 -
555 3244 607 3293 242
630 3186 828 3293 puellgssspnstj
848 3240 888 3295 W
904 3271 936 3280 -
956 3246 1008 3295 243
1027 3239 1162 3312 amantis]

154 3313 281 3365 amantes
300 3311 326 3364 L
344 3341 379 3352 -
398 3317 451 3365 244
469 3312 512 3366 est
531 3310 660 3378 quaestio
679 3310 852 3381 primaeuo]
872 3310 982 3379 questio
1001 3310 1163 3453 prilrlueaoqussq

151 3454 197 3506 est
212 3453 240 3507 P
255 3483 288 3493 -
307 3457 359 3507 246
379 3456 489 3507 ematur
503 3453 613 3576 amand]
629 3453 740 3508 amator
754 3453 831 3507 amat
844 3452 872 3506 P
885 3483 918 3494 -
937 3458 988 3507 247
1008 3452 1130 3520 spoliato

158 3523 195 3576 W
214 3553 244 3563 -
265 3527 317 3576 253
336 3522 491 3596 includam]
511 3522 588 3578 inolu
609 3539 639 3576 as
664 3523 716 3578 Wr

206 3619 281 3662 Aldse
296 3621 421 3670 comoedia,
436 3623 469 3664 ed.
484 3621 647 3672 Lehmeyer.
934 3615 949 3663 5
