2634 3902
657 178 677 242 2
724 214 767 222 ,

161 335 322 422 plurimos
347 337 489 419 constet,
516 335 710 419 accuratius,
742 356 823 421 quae
851 336 1003 420 protulit,
1031 338 1194 404 refellere

163 425 356 509 supersedeo
364 421 398 510 ¹).
434 422 581 508 Merilius
600 429 717 507 autem,
741 427 778 488 ut
795 423 960 490 Matthaeo
981 425 1193 493 adiudicaret

161 514 245 579 hanc
264 512 470 595 comoediam,
492 513 632 577 maxime
652 513 720 577 stili
738 513 896 577 affinitate
916 519 1096 580 commotus
1119 521 1194 602 est,

163 604 202 668 cf.
222 625 295 688 pag.
314 604 380 667 422
409 601 497 666 ‘c’est
518 601 552 665 la
578 606 681 666 meme
709 601 827 685 phrase
851 601 957 668 brise‘e
986 607 1018 667 et
1041 610 1191 670 souvent

164 692 313 775 obscure,
339 690 372 755 la
398 692 502 755 meme
529 691 700 755 recherche
729 691 767 754 de
791 692 870 775 jeux
897 691 936 755 de
964 697 1049 757 mots
1077 698 1110 757 et
1141 694 1189 758 de

162 785 271 846 toules
294 779 341 844 les
365 778 566 844 affectatione
590 779 633 843 du
656 779 835 863 bel-esprit,
857 779 888 844 le
911 783 1014 845 meme
1034 781 1188 865 cynisme
1302 781 1303 858 l

164 868 383 954 d’expression
410 872 443 933 et
468 867 501 932 la
528 870 631 932 meme
660 867 784 932 erudite
812 869 852 932 de
878 871 1010 953 pensee,
1038 871 1124 934 enfin
1148 871 1186 934 la
1302 869 1303 940 l

163 962 267 1023 meme
290 955 507 1022 versification
529 977 574 1020 un
596 978 661 1041 peu
684 957 782 1041 plato,
806 957 946 1043 quoique
970 958 1045 1043 plus
1068 959 1186 1024 habile

164 1052 197 1112 et
224 1047 299 1130 plus
327 1044 434 1129 facile,
466 1067 590 1110 comme
619 1045 644 1109 il
674 1044 781 1109 devait
810 1045 932 1111 arriver
961 1051 980 1112 a
1009 1069 1054 1112 un
1081 1052 1183 1131 poete
1302 1067 1303 1114 l

164 1134 282 1236 auquel
308 1134 390 1220 l'age
418 1133 523 1198 aurait
551 1133 655 1198 donne
683 1134 758 1218 plus
787 1134 960 1200 d’habilete‘
988 1140 1021 1201 et
1054 1136 1183 1221 d’expe-
1302 1155 1303 1228 l

163 1223 292 1288 nence'.
328 1221 391 1287 Sed
409 1243 491 1308 quac
509 1221 692 1287 communia
709 1223 926 1307 inveniuntur,
945 1247 981 1289 ea
1000 1225 1079 1290 satis
1098 1230 1182 1311 puto

165 1311 321 1396 explicari
340 1333 356 1375 e
376 1310 491 1394 patria,
510 1315 625 1396 aetate,
644 1333 761 1395 genere
785 1311 913 1396 poetico
937 1313 1052 1380 iisdem
1074 1337 1182 1401 neque

164 1399 345 1466 accuratius
381 1399 607 1484 inspicientem
644 1400 876 1484 discrepantiae
909 1402 1049 1488 fugiunt.
1094 1403 1183 1469 Nam

164 1489 267 1555 Aldae
291 1488 431 1554 auctoris
455 1489 558 1555 multo
582 1489 711 1574 planior
734 1511 839 1555 sermo
863 1495 896 1555 et
918 1491 985 1555 fere
1008 1490 1137 1575 lepidus
1162 1513 1182 1558 a

164 1578 323 1644 Matthaei
341 1578 417 1643 stilo
436 1582 585 1643 contorto
604 1582 637 1643 et
655 1600 754 1662 supra
771 1579 903 1643 modum
921 1579 1094 1645 artificioso
1113 1580 1183 1646 lon-

166 1668 298 1755 gissime
313 1663 447 1752 abest2).
484 1666 590 1731 Maius
605 1666 702 1730 etiam
717 1665 896 1752 discrimen,
910 1686 1106 1754 quamquam
1119 1670 1183 1735 hoc

166 1755 253 1840 apud
271 1754 346 1819 illos
364 1758 478 1838 poetas
497 1754 604 1819 minus
622 1754 717 1840 valet,
737 1759 785 1820 est
804 1756 839 1819 in
857 1779 892 1821 re
910 1757 1057 1843 metrica,
1078 1757 1181 1822 Aldae

166 1843 252 1909 enim
266 1847 364 1928 poeta
378 1847 490 1908 contra
507 1843 665 1928 temporis
684 1843 734 1908 sui
747 1866 870 1909 morem
888 1845 1046 1929 plurimas
1064 1869 1181 1930 easque

166 1932 372 2019 gravissimas
391 1931 541 1997 elisiones
560 1931 716 2018 admittit,
734 1931 918 1999 Matthaeus
936 1934 971 1998 in
988 1935 1050 2000 hoc
1065 1957 1181 2022 genere

165 2021 257 2086 valde
281 2025 394 2086 cautus
414 2025 471 2086 est.
507 2020 679 2086 Praeterea
701 2021 829 2087 Merilio
853 2023 1080 2109 gravissimum
1104 2028 1181 2110 erat,

166 2110 253 2197 quod
275 2110 310 2174 in
332 2109 435 2174 Aldae
457 2109 595 2197 prologo
619 2132 647 2175 v.
667 2112 709 2176 27
725 2133 771 2194 sq.

234 2199 286 2262 ‘ne
309 2202 508 2263 matronaret
530 2199 684 2263 meretrix
708 2199 742 2263 in
764 2201 864 2265 verba
887 2199 1065 2286 Sabinae,

278 2291 355 2352 sunt
378 2309 435 2351 sua
458 2286 612 2351 materiae
635 2287 760 2352 reddita
783 2290 882 2353 verba
905 2291 1002 2354 suae’.

168 2379 366 2440 memoratur
383 2373 522 2440 Sabinae
540 2397 658 2440 nomen
677 2376 788 2460 typica
805 2378 838 2442 vi
857 2378 1010 2465 positum,
1034 2379 1079 2444 ‘et
1098 2382 1179 2443 cette

167 2463 298 2530 Sabine'
323 2463 369 2527 ait
392 2464 433 2528 du
452 2463 548 2528 Meril
575 2465 626 2528 ‘ne
645 2486 727 2529 nous
746 2469 796 2530 est
815 2488 938 2531 oonnue
962 2490 1024 2552 que
1043 2489 1102 2552 par
1120 2489 1180 2532 une

168 2552 308 2618 allusion
330 2552 373 2616 du
396 2556 499 2617 meme
523 2575 621 2638 genre
641 2553 697 2637 qui
716 2576 749 2618 se
768 2559 881 2620 trouve
905 2556 983 2622 dans
1007 2579 1069 2621 une
1092 2557 1180 2640 piece

169 2642 207 2705 de
226 2640 386 2705 Matthieu
410 2641 448 2704 de
466 2640 643 2727 Vendbme,
666 2642 744 2708 dans
767 2643 799 2708 la
821 2642 956 2732 Lydial)
979 2644 1022 2732 (v.
1043 2647 1107 2711 135
1122 2642 1180 2730 sq.)

243 2841 269 2917 1)
287 2833 385 2902 Nuper
408 2833 443 2888 de
465 2834 520 2889 hac
539 2850 574 2916 're
597 2835 658 2904 egit
676 2833 831 2891 Guilelmus
852 2835 963 2919 Oloetta
984 2835 1015 2889 in
1039 2835 1179 2906 ‘Boitr'age

170 2922 218 2957 zur
236 2902 418 2960 Liba-(iesch.
438 2903 488 2958 des
507 2904 690 2962 Mittelalters
709 2907 767 2961 und
786 2907 836 2962 dor
853 2907 1052 2962 Renarssance’
1072 2907 1099 2976 Ι,
1117 2923 1177 2977 pag.

171 2981 205 3031 ⁷⁶
221 2992 271 3170 “lp
287 3047 329 3100 ne
346 3045 488 3100 Matthaei
512 3047 578 3101 suro
601 3049 678 3130 reae
700 3047 1022 3147 puricapwatenuaen
1043 3050 1073 3104 in
1094 3049 1178 3105 ‘sin-

169 3117 254 3257 tn
272 3117 1178 3269 clralrnnnlnnfaraman

171 3259 201 3340 et
219 3257 315 3328 plures
325 3274 445 3341 'saep1us
465 3260 567 3329 explet,
583 3261 621 3342 cf.
642 3276 664 3314 e.
681 3278 708 3332 g.
723 3261 835 3344 Milonis
853 3279 897 3319 vv.
916 3269 1056 3318 aot-213
1072 3261 1118 3331 al,
1136 3279 1178 3316 cu·

171 3345 216 3383 rus
235 3346 303 3383 usus
321 3347 352 3382 m
370 3328 445 3383 Alda
462 3346 498 3385 ne
516 3331 670 3402 vestigium
689 3333 803 3403 quidem
821 3333 966 3390 habemus.
993 3404 999 3416 ι
1071 3404 1077 3415 ·

225 3403 272 3484 ⁸3)
291 3399 409 3483 Tamen,
424 3419 491 3483 npm
506 3418 523 3456 a
536 3402 682 3486 Matthaeo
700 3404 752 3459 illa
771 3405 917 3486 comoedia
929 3404 1035 3474 Lydiae
1055 3407 1093 3459 ert
1111 3420 1178 3458 com·

170 3475 276 3542 posita,
295 3487 353 3525 non
370 3488 486 3542 nnuma,
509 3474 543 3526 ut
559 3475 684 3543 videtur,
704 3474 863 3540 dubitatum
882 3475 948 3529 vnde
969 3475 1108 3530 Cloettam
1126 3477 1142 3530 l.
1160 3475 1176 3531 l.

170 3560 236 3615 rac
253 3549 286 3600 ⁷⁹
301 3559 362 3611 aaa
