2634 3902
538 170 757 232 ..17-

142 350 228 396 mam
247 332 279 392 et
298 326 439 412 speciem
456 327 623 412 habuisse,
640 332 679 392 ut
696 328 772 393 novi
791 330 935 395 comoedi
954 331 974 394 i.
994 354 1019 396 e.
1038 338 1156 416 poetae

140 416 269 501 comici,
288 415 393 501 qualis
412 420 481 480 erat
496 414 688 500 Guilelmus,
707 417 849 485 studium
864 418 893 483 ei
907 419 1053 504 impendi
1072 445 1155 506 opus

140 509 234 570 esset.
270 504 309 570 In
331 504 479 569 versibus
502 505 558 589 qui
582 509 734 570 secuntur
761 528 851 571 suam
874 507 909 572 in
936 512 1028 574 tanto
1057 532 1155 594 opere

141 594 364 658 infirmitatem
382 597 480 677 poeta
499 593 646 677 queritur
663 595 824 680 finemque
843 597 921 661 facit
940 600 1120 665 excusando
1130 597 1155 686 ¹)

139 683 275 747 nimiam
298 681 448 747 carminis
471 681 685 747 lascivitatem
708 707 735 748 v.
756 686 799 750 25

187 771 340 836 ‘inveniet
362 770 481 836 lasciva
503 770 600 838 nimis
622 770 686 837 sibi
710 773 808 838 verba
831 772 967 857 pudicus

253 859 367 943 lector;
390 859 556 944 materiae,
578 882 644 925 non
667 883 738 925 mea
761 861 856 945 culpa
879 861 962 926 fuit’.

142 947 321 1016 Guilelmus
345 947 446 1034 igitur
468 949 504 1012 in
526 948 695 1014 scribenda
718 950 882 1015 comoedia
909 950 1058 1016 adhibuit
1085 975 1156 1017 nar-

141 1037 300 1102 rationem
327 1059 424 1121 prosa
451 1037 596 1104 oratione
620 1038 845 1124 compositam,
873 1061 954 1124 quae
982 1039 1017 1105 in
1039 1041 1156 1125 populi

142 1149 196 1191 ore
224 1124 446 1212 versabatur²)
479 1131 512 1192 et
539 1131 712 1211 propterea
744 1128 884 1193 multum
910 1129 1008 1212 pretii
1036 1129 1155 1213 prioris

141 1215 301 1280 amiserat.
337 1214 483 1281 Titulum
501 1218 623 1298 autem,
647 1237 842 1300 quamquam
861 1239 878 1281 e
897 1239 1012 1303 graeco
1031 1217 1067 1282 in
1084 1219 1155 1283 lati-

141 1325 220 1367 num
243 1302 399 1368 translata
427 1308 509 1386 erat,
536 1303 669 1368 tenebat
696 1327 847 1390 graecum
875 1309 908 1370 et
936 1307 1077 1371 auctoris
1100 1329 1156 1372 no-

140 1413 217 1454 men
239 1395 355 1474 poetae
378 1391 494 1476 graeci.

230 1477 319 1542 Inter
337 1477 505 1542 Menandri
524 1478 704 1543 comoedias
723 1479 822 1544 fuisse
837 1486 963 1546 constat
979 1503 1084 1565 unam,
1103 1484 1156 1547 cui

140 1570 225 1632 esset
253 1566 369 1631 titulus
400 1567 608 1652 ἀνδρόγυνος
639 1567 659 1650 ἢ
692 1571 798 1653 Koria
829 1568 885 1633 sed
911 1574 1041 1653 praeter
1070 1571 1156 1658 frag·

140 1660 250 1721 menta
281 1655 450 1741 nonnulla,
485 1677 566 1741 quae
599 1655 730 1743 collegit
761 1657 935 1722 novissime
968 1659 1155 1724 Theodorus

137 1745 233 1810 Kook
252 1744 287 1809 in
305 1766 385 1810 eom.
404 1749 461 1809 att.
480 1745 518 1809 fr.
538 1748 615 1810 tom.
634 1744 693 1832 III,
711 1745 795 1810 nihil
810 1749 974 1812 'servatum
998 1753 1055 1813 est.
1092 1747 1123 1813 It
1145 1787 1157 1796 -

214 1973 240 2041 1)
260 1970 395 2025 Veterum
413 1973 561 2040 poetarum
578 1971 738 2026 memineris
758 1972 863 2027 similia
882 1973 1049 2044 dicentium,
1074 1977 1155 2031 velut

140 2043 224 2096 Mart.
243 2041 264 2108 Ι,
283 2046 309 2108 4,
328 2047 344 2095 8
369 2041 489 2096 ‘lasciva
512 2045 555 2096 est
572 2041 655 2096 nobis
672 2041 788 2112 pagina,
807 2043 868 2097 vita
885 2046 996 2113 proba’,
1016 2062 1088 2115 quae
1107 2063 1155 2100 ex·

141 2111 218 2181 cepit
236 2111 340 2167 Auson.
355 2113 428 2166 cent.
442 2113 522 2181 nupt.
537 2118 555 2166 4
574 2111 680 2166 addens
702 2113 746 2166 ‘ut
764 2111 834 2168 dicit
851 2113 988 2179 Plinius'3
1007 2118 1155 2184 praeterea

139 2181 245 2306 ivatulsst'
262 2187 303 2307 156,
305 2189 335 2307 al
345 2199 395 2251 sq,
416 2181 466 2237 Ov.
485 2183 558 2237 trist.
574 2183 608 2252 II,
623 2189 682 2252 354,
702 2183 785 2239 Mart.
805 2185 851 2253 Xl,
868 2191 1003 2255 lt,1sq.,
1021 2185 1094 2241 Plin.
1110 2203 1154 2256 ep.

181 2296 188 2322 ’
213 2297 250 2390 2).
260 2322 366 2378 Similis
384 2325 502 2379 naturae
521 2323 608 2379 fuisse
623 2324 723 2395 fontes,
743 2341 758 2380 e
774 2325 876 2394 quibus
890 2325 977 2382 ceteri
991 2327 1074 2382 huius
1090 2327 1155 2382 aevi

140 2396 242 2463 poetae
265 2393 415 2450 materiam
437 2395 596 2465 hauserint,
624 2395 681 2450 iam
706 2396 885 2466 supradixi,
913 2398 1033 2454 Vetulae
1056 2401 1155 2454 tamen

140 2467 283 2520 auctorem
298 2481 332 2520 ex
342 2465 444 2522 Ovidio
457 2465 521 2536 ipso
531 2466 607 2535 (fast.
617 2467 664 2534 111,
676 2475 727 2523 677
738 2470 810 2536 sqq.)
824 2471 1021 2538 argumentum
1035 2486 1155 2526 scaenae

139 2535 276 2604 lascivae,
296 2553 381 2605 quam
400 2536 536 2591 describit
553 2537 603 2592 lib.
622 2537 657 2593 ΙΙ.
672 2541 747 2593 cant.
766 2538 856 2594 XXIX
870 2557 943 2608 sqq,
967 2541 1043 2595 unde
1061 2543 1155 2596 totum

140 2623 242 2676 poema
259 2623 363 2663 nomen
381 2607 477 2677 traxit,
498 2607 650 2678 sumpsisse
665 2608 758 2663 simile
771 2608 886 2664 videtur
898 2609 967 2666 veri.
1000 2610 1045 2666 Ad
1059 2611 1155 2666 Ouidii

140 2679 234 2731 locum
257 2678 384 2732 conferas
407 2678 562 2734 Hermanni
584 2679 692 2734 Usener
714 2679 943 2735 dissertationem
972 2681 1018 2735 ‘de
1045 2681 1153 2751 mythis

140 2747 246 2802 itahcrs
274 2767 305 2802 m
319 2766 389 2804 mus.
403 2749 481 2805 rhen.
496 2752 564 2805 torn.
579 2749 665 2817 XXX,
674 2767 739 2819 pag.
751 2756 803 2804 224
814 2767 854 2818 sq.
883 2750 1014 2806 Ceterum
1026 2751 1153 2808 narratio

139 2817 1155 2962 rhaithutttttttttttrrttttffltlttmtlttt

143 2965 221 3027 1843,
239 2976 304 3030 pag.
320 2966 353 3016 78
368 2963 433 3031 sq.),
452 2961 553 3016 similis
573 2960 732 3030 argumenti
752 2964 795 3016 est
813 2910 898 3031 elque
916 2910 1023 3033 Lydiae
1041 2937 1155 3020 comosI

141 3029 206 3084 diac
226 3029 327 3098 exitus,
346 3033 441 3087 tamen
458 3032 521 3088 fons
539 3031 626 3087 fuisse
645 3050 702 3088 non
720 3035 823 3102 potest,
843 3051 906 3087 cum
924 3033 1053 3103 pluribus
1068 3036 1104 3089 ab
1119 3053 1154 3091 ea

141 3099 262 3156 differat.
299 3101 366 3155 Arte
389 3104 484 3158 autem
506 3103 640 3158 cohaeret
661 3103 786 3159 narratio
810 3105 844 3159 de
868 3121 951 3159 caeco
978 3122 1041 3160 eum
1060 3106 1154 3161 Adolfi

140 3170 240 3226 fabula
258 3171 278 3227 1.
299 3171 411 3240 saepius
429 3173 499 3243 ipsis
518 3173 611 3230 verbis
631 3173 757 3231 servatis.
794 3174 889 3230 Adolfi
906 3175 1017 3230 fabulas
1038 3193 1062 3233 a.
1084 3183 1153 3232 1315

141 3241 627 3370 :tritffllttttldtttth
639 3245 1153 3374 ilidiiildtrpllolelttltl'

141 3332 397 3455 tionemprepetivit
411 3333 526 3455 wdght
539 3385 558 3441 l.
574 3384 592 3441 1.
606 3405 625 3456 p
665 3429 671 3442 .
687 3392 739 3442 174
754 3335 836 3456 sqq.p
847 3335 891 3441 id
905 3336 1053 3458 utruhrdlue
1073 3405 1154 3458 opus,

141 3453 333 3510 narrationem
350 3457 509 3525 prosaicam
531 3460 561 3512 et
578 3457 644 3512 faba
659 3475 704 3512 am
745 3457 878 3525 osticam,
898 3474 985 3528 prope
1004 3459 1153 3529 accedunt,

142 3541 213 3593 quac
231 3528 330 3581 narrat
346 3529 487 3583 mercator
504 3527 535 3583 in
554 3527 691 3584 Chauceri
711 3477 896 3596 ‘danterbury
914 3528 1009 3584 tales’.

194 3624 267 3667 Aldus
281 3627 406 3680 comoedia,
421 3627 454 3669 ed.
469 3628 631 3679 Lohmeyer.
922 3622 937 3668 2
