2634 3902
565 199 612 264 γ-
658 162 701 226 60
750 200 787 207 —

214 325 361 405 naturae,
385 324 422 384 ut
445 320 573 404 possint
596 320 705 384 oscula
727 318 824 404 plena
847 320 927 404 capi.

170 410 254 474 hanc
276 413 370 493 pater
393 431 411 472 a
434 409 525 473 cunis
548 413 656 473 eustos
679 408 813 473 devotus
837 409 878 473 ab
903 409 991 474 omni

216 503 349 582 aspectu
373 497 527 581 prohibet
550 497 775 581 colloquioque
798 497 867 562 viri.

170 586 280 673 pingit
303 591 336 650 et
359 586 497 651 incaelat
519 591 661 650 mentem
684 586 772 651 illius
795 591 892 670 atque
915 587 1036 672 figurat

118 695 158 736 140
215 675 361 740 moribus
385 675 506 740 ornatis
530 674 713 740 sollicitudo
736 675 852 759 patris3

170 764 330 849 imprimit
352 764 387 828 in
409 768 520 828 tenera
542 768 722 828 matronam
744 763 883 850 virgine,
906 763 1040 850 stringit

216 875 317 918 annos
340 857 466 917 matura
489 852 550 917 sub
574 852 733 939 gravitate
756 853 851 917 leves,

170 942 298 1007 foedere
322 941 471 1006 concordi
495 941 653 1005 discordia
676 941 796 1027 iungit,
819 941 936 1006 amicat

215 1029 404 1114 oppositum
428 1029 581 1113 opposito
605 1029 818 1114 conciliatque
842 1052 908 1094 suo.

117 1137 156 1178 145
171 1117 365 1183 conveniunt
388 1117 497 1203 fragili
519 1117 610 1203 rigor
631 1118 666 1182 in
690 1141 769 1183 sexu
792 1119 998 1205 gravitasque

214 1206 249 1271 in
271 1205 391 1271 teneris
414 1206 506 1270 annis
530 1228 666 1290 cumque
689 1207 813 1292 pudore
836 1206 948 1291 pudor.
976 1265 979 1274 ,

169 1295 236 1360 vim
258 1294 383 1380 patitur
405 1317 464 1360 nec
486 1294 559 1382 lege
582 1318 640 1360 sua
662 1296 864 1380 permittitur
886 1296 933 1360 ut'

215 1389 303 1450 aetas
325 1406 384 1449 nec
407 1384 507 1449 currit
529 1383 659 1470 legibus
681 1385 754 1469 ipsa
776 1385 851 1449 suis.

169 1474 306 1539 miratur
328 1473 450 1538 socium
472 1473 542 1538 fieri
566 1473 630 1538 sibi
653 1474 756 1538 forma
778 1473 948 1560 pudorem,

116 1580 156 1622 150
215 1583 312 1647 seque
335 1562 444 1648 vigere
468 1567 579 1646 stupet
601 1562 637 1626 in
659 1561 792 1626 muliere
815 1562 912 1648 rigor.

169 1651 234 1714 iam
257 1653 383 1714 matura
406 1655 478 1715 toro
502 1650 608 1734 plenis
631 1650 814 1715 adoleverat
837 1651 943 1735 annis,

213 1759 272 1802 nec
295 1742 424 1821 praeter
446 1742 573 1822 patrem
595 1738 720 1802 viderat
742 1738 826 1803 Alda
848 1739 960 1805 virum.

169 1826 225 1890 sed
246 1825 323 1890 licet
346 1825 509 1891 invideant
532 1831 641 1891 tantae
665 1829 848 1912 spectacula
870 1830 991 1893 formae

212 1913 391 1979 luminibus
414 1915 529 1999 populi
553 1937 628 1981 cura
651 1915 812 2001 timorque
835 1918 952 2002 patric,

14 2075 17 2080 Ι
115 2022 153 2063 555
168 2003 254 2068 fama
277 2008 386 2069 tamen
407 2004 506 2068 nullis
529 2003 678 2069 claustris
701 2005 842 2070 obnoxia
865 2006 970 2071 claudi

212 2091 331 2156 Aldam
352 2114 418 2157 non
441 2093 578 2178 patitur,
602 2094 709 2158 clausa
733 2094 775 2158 sit
797 2093 882 2158 Alda
904 2095 988 2160 licet.

167 2179 269 2245 Aldae
293 2182 379 2245 fama
402 2186 495 2246 sonat
518 2182 634 2266 populi
657 2183 758 2247 totius
781 2183 816 2247 in
839 2204 906 2268 ore,

212 2268 297 2333 Alda
318 2271 357 2334 fit
380 2270 415 2333 in
438 2271 561 2354 populo
585 2271 709 2356 fabula,
731 2294 806 2336 vera
829 2277 946 2336 tamen.

167 2387 380 2394 .--...-....-.-.--.

241 2449 291 2498 136
310 2442 392 2497 basia
410 2444 495 2513 plena
568 2450 619 2499 138
638 2444 742 2500 affeetu
816 2451 866 2500 140
885 2447 1009 2502 moribus
1028 2447 1106 2503 illius

169 2519 218 2567 141
239 2513 328 2584 tingit
400 2519 450 2568 145
470 2514 622 2583 gravitatis
700 2522 750 2571 150
768 2517 799 2570 in
816 2517 935 2572 muliere
954 2521 1051 2589 stupor
1132 2527 1183 2575 151

166 2583 258 2638 thoris
331 2590 487 2640 15455555
506 2585 645 2654 timorque
719 2595 768 2643 155
788 2587 879 2643 forma
896 2592 993 2644 tamen

239 2733 291 2782 136
309 2728 396 2798 plena
418 2745 468 2784 om.
487 2728 523 2783 H
541 2731 631 2798 spatio
653 2730 747 2786 relicto
778 2760 809 2771 —
835 2731 990 2802 1551555]
1013 2730 1079 2787 huic
1098 2733 1131 2788 X
1147 2766 1183 2776 -

201 2797 283 2853 lectis
302 2816 452 2869 puerorum

167 2869 282 2924 sennis
363 2942 368 2954 Ι
463 2871 495 2924 Χ
512 2901 545 2911 -
566 2869 601 2924 ab
620 2869 710 2942 omni]
728 2870 832 2926 abinde
848 2873 880 2926 X
896 2904 930 2956 -Τ
951 2874 1125 2947 1511513555]
1144 2875 1183 2928 ri-

166 2941 449 3080 iiiiciriiiiiitFi
466 2941 604 3082 Filii]
618 2948 731 3067 5551551
746 2942 1044 3089 arqaqffinff
1051 2953 1184 3072 diiudii

165 3080 201 3135 H
221 3111 254 3120 -
275 3085 325 3136 151
344 3079 542 3152 15155]155155
562 3083 593 3136 X
790 3103 792 3107 ’

233 3238 432 3320 ,13915555151
463 3239 570 3323 1555155
595 3241 622 3295 V
646 3273 686 3317 ··.
709 3246 890 3326 ltostupor]
913 3245 1036 3328 rigor-L
1064 3278 1096 3288 -
1128 3254 1180 3304 151

165 3307 267 3379 thoris]
287 3308 370 3364 thoro
384 3310 411 3363 L
475 3314 545 3366 tons
570 3313 622 3367 Wr
639 3344 673 3354 —
695 3318 746 3368 151
764 3316 923 3388 mmdeant]
947 3316 1109 3372 inviderant
1128 3319 1184 3376 Wr

166 3409 199 3419 -
230 3385 281 3434 154
299 3381 397 3451 causa]
418 3397 484 3434 cura
506 3384 563 3436 iam
581 3391 764 3452 proposuerat
782 3386 820 3440 Μ
843 3418 877 3427 -
907 3393 958 3442 155
983 3388 1082 3460 nullis]
1111 3389 1183 3444 ullis

293 3449 430 3504 claunuris
449 3452 590 3505 contraria
609 3453 679 3523 (m.²)

170 3520 222 3576 Wr
244 3550 278 3562 -
298 3519 429 3575 claustris
449 3519 564 3575 obnixia
703 3525 742 3579 W
757 3557 790 3566 -
812 3533 862 3582 156
882 3527 932 3600 511]
951 3528 984 3583 fit
1008 3529 1057 3586 Wr
