2634 3902
570 159 785 222 -71..

170 318 315 385 hesterni
338 340 413 383 cum
436 321 528 400 parte
551 316 616 381 tori
639 315 828 402 discesserat
850 316 970 399 hospes

215 408 400 491 damnosus,
422 405 583 489 Pyrrhum
607 404 768 489 convenit,
790 403 897 487 inquit
919 403 979 469 ita:

170 495 326 582 ‘quantia
349 494 486 578 Pyrrhe,
509 493 589 558 mihi
613 492 697 558 cutis
719 497 769 557 est
791 492 904 557 attrita
926 493 1075 580 flagellis!

215 588 295 670 quot
317 583 415 648 miser
437 583 547 667 accepi
570 583 704 647 verbera
728 585 870 666 quotque
894 581 1009 647 minas!

167 674 243 738 leno
267 675 452 756 compertus
474 671 557 736 male
580 692 652 736 sum
675 670 852 753 deprensus
874 669 1004 754 inipso

215 761 360 846 crimine,
383 782 442 825 nec
464 763 593 825 nostros
615 757 727 844 attigit
750 757 807 822 illa
829 757 928 823 cibos

170 849 313 934 suspires
336 849 415 914 alias
437 848 484 913 nil
507 848 711 932 profecturus
734 846 769 911 in
791 845 905 918 Addat'

215 938 355 1021 dixerat,
378 942 412 1001 at
434 937 596 1021 Pyrrhum
619 935 729 1000 durius
752 934 844 1020 angit
869 957 968 1000 amor.

168 1027 259 1092 nulla
282 1026 349 1092 suis
370 1025 455 1091 votis
479 1025 646 1090 blanditur
667 1045 755 1110 spes,
778 1045 837 1089 nec
860 1023 895 1088 in
918 1025 984 1090 ullo

213 1116 388 1199 respondet
411 1114 494 1179 ratio
519 1114 751 1198 consiliumque
776 1112 848 1178 sibi.

169 1202 204 1268 in
226 1203 315 1268 nulla
338 1225 439 1287 puero
463 1225 521 1288 spe
543 1203 723 1287 respirante
747 1201 872 1266 camino

213 1291 393 1357 admixtum
416 1295 466 1356 est
489 1291 596 1356 oleum
618 1290 770 1377 lignaque
794 1290 877 1355 sicca
899 1313 988 1377 rogo.
1194 1312 1233 1350 aro

167 1402 233 1464 quo
256 1382 331 1465 plus
354 1384 469 1445 cuncta
491 1379 558 1444 suis
581 1379 669 1444 videt
692 1378 892 1444 adversantia
914 1379 1014 1464 votis,

212 1469 317 1534 acrius
340 1468 479 1556 ignescit
501 1468 651 1552 improba
674 1467 775 1551 pestis
798 1489 895 1532 amor.

166 1561 276 1622 mente
299 1558 396 1622 miser
418 1561 598 1622 maceratur
620 1578 731 1621 amans
753 1555 987 1640 macilentaque
1011 1558 1113 1622 menti

212 1647 386 1731 respondet
408 1645 506 1711 facies
530 1649 563 1709 65
586 1645 670 1711 66515
693 1667 764 1711 6556
786 1645 926 1710 trahens.

166 1734 243 1799 huic
266 1757 356 1800 soror
379 1739 444 1819 est3
467 1733 590 1800 multus
612 1739 662 1800 est
685 1735 785 1798 frater
807 1733 842 1798 in
865 1756 919 1799 ore
942 1735 1074 1820 sororis,

211 1826 345 1908 totaque
368 1827 534 1907 spectatur
555 1823 666 1888 fratris
689 1822 723 1888 in
746 1845 800 1888 ore
824 1845 922 1896 soror.

166 1911 214 1975 sic
237 1912 322 1998 gerit
345 1911 379 1976 in
401 1911 494 1978 vultu
516 1912 650 1977 fratrem
673 1934 777 1996 soror,
799 1911 854 1975 1116
878 1933 1033 1998 sororem,

238 2075 291 2125 360
318 2068 413 2137 inquit
439 2068 468 2123 61
556 2068 693 2124 3631666
717 2070 876 2137 compertus
967 2074 1019 2124 368
1042 2070 1180 2126 succurrit

166 2139 244 2194 racio
263 2139 445 2194 consiliumve
518 2145 571 2195 375
590 2139 685 2194 vultus
705 2139 748 2193 655

237 2285 289 2336 353
308 2279 446 2353 hesterni]
465 2280 598 2335 hesterna
615 2281 647 2335 H
675 2311 708 2322 —
736 2279 936 2352 3656666166]
961 2280 1067 2336 lumine
1086 2283 1121 2338 Η
1145 2316 1179 2327 -

591 2353 624 2406 56
641 2351 736 2406 Pirrus
768 2385 770 2388 -
951 2352 1061 2420 spurius

165 2421 256 2492 cibos]
276 2421 355 2476 cibus
379 2422 435 2477 Wr
463 2453 496 2462 -
524 2426 577 2477 365
596 2421 667 2477 alias
760 2422 791 2475 X
816 2454 852 2463 —
879 2428 931 2478 366
950 2421 1062 2478 dixerat
1082 2425 1114 2478 X
1145 2457 1179 2467 —

166 2497 218 2547 371
237 2493 324 2546 Amor
342 2508 477 2547 venereus
495 2493 527 2548 56
544 2510 605 2548 mur
624 2535 630 2548 .
652 2493 684 2546 X
693 2501 735 2534 ’-
758 2499 811 2548 373
829 2495 988 2548 maceratur
1019 2497 1178 2552 maceratus

599 2510 724 2635 inultus
743 2566 788 2618 est
805 2563 901 2618 fratris
922 2566 954 2618 X
964 2495 1063 2623 WdrM

236 2710 289 2760 353
308 2703 490 2777 discesserat]
510 2704 670 2760 decesserat
693 2705 720 2759 V
745 2736 778 2746 -
807 2712 859 2761 361
880 2705 996 2771 Quantis
1016 2709 1088 2763 cutis
1107 2708 1179 2762 mihi

164 2775 238 2831 66515
257 2778 301 2830 655
318 2777 345 2830 L
369 2808 401 2817 -
426 2781 477 2831 363
497 2777 566 2844 quot
582 2775 690 2900 66155]1
700 2775 777 2844 quod
795 2775 881 2832 miser
904 2777 943 2831 W
965 2807 999 2820 -
1026 2784 1079 2834 363
1098 2778 1176 2852 feno]

164 2863 248 2902 56666
273 2848 310 2902 W
334 2878 367 2888 -
397 2846 560 2918 deprensus]
585 2846 670 2916 depre
691 2863 774 2902 66565
797 2847 824 2902 V
850 2879 883 2888 -
910 2847 1054 2919 1656]1116
1079 2849 1118 2904 W
1146 2882 1178 2892 -

165 2921 348 2974 3646665565
368 2915 468 2989 attigit
486 2916 549 2989 illa]
568 2922 667 2973 nostra
685 2917 832 2990 contigora
855 2918 894 2973 W
913 2948 947 2959 -
971 2923 1023 2974 365
1043 2919 1177 2993 56561565]

164 3025 291 3094 suspiras
314 3025 407 3081 VWr
425 3056 459 3067 -
483 3031 536 3080 366
555 3024 598 3095 at]
617 3025 650 3078 ut
664 3023 691 3078 L
709 3053 744 3066 -
761 3031 814 3082 363
833 3007 1017 3096 consiliunt?
1040 3043 1110 3082 corr.
1129 3027 1179 3082 m.²

169 3094 209 3148 W
233 3125 267 3135 -
292 3100 344 3151 363
362 3094 393 3148 16
389 3095 576 3222 Β8116656656
594 3101 620 3150 65
636 3097 736 3166 maior)
761 3096 787 3149 V
811 3127 844 3138 -
863 3096 963 3168 puero]
982 3112 1071 3166 parvo
1089 3097 1116 3152 L
1144 3129 1177 3139 -

163 3164 274 3220 sb’and'
297 3165 371 3223 6516
455 3167 516 3221 ixtd
540 3165 605 3222 oleri
624 3166 736 3222 camino
756 3167 825 3238 (m.’)

162 3234 274 3290 camino
664 3261 667 3266 ·
845 3238 884 3293 W
899 3269 934 3279 -
953 3243 1005 3292 370
1023 3239 1180 3294 admixtum

162 3307 220 3378 est]
239 3306 452 3376 admixtumque
472 3307 511 3360 W
528 3339 561 3348 -
580 3308 685 3433 oleurp]
701 3307 764 3362 6166
779 3309 806 3362 L
824 3339 859 3350 -
877 3309 1025 3381 lignaque]
1044 3309 1124 3379 ligne
1143 3311 1182 3365 W

162 3407 196 3417 -
215 3379 298 3450 rogo]
306 3394 437 3520 ‚rogoqpe
444 3379 496 3519 ²)W
511 3409 544 3420 -
564 3383 616 3434 375
634 3397 653 3433 v
684 3381 729 3434 tus
744 3381 788 3434 655
801 3379 888 3436 frater
902 3381 928 3435 L
946 3379 1041 3435 vultus
1061 3384 1105 3435 655
1122 3381 1180 3434 fra-

282 3467 374 3518 66565
406 3467 440 3505 m.

160 3517 213 3572 5515
238 3519 265 3572 V
280 3519 385 3575 multus
406 3522 449 3574 655
467 3536 577 3590 semper
600 3521 639 3575 W

164 2564 181 2618 b
201 2594 235 2603 —
255 2563 430 2618 3756561565
450 2565 494 2618 est
511 2563 598 2618 frater
